2670 3698
388 203 2216 341 CAPUT³QUADRAG‘ESIMUM5PR1MUM.
2272 262 2370 330 77

346 363 644 432 luingquod
675 379 770 414 non
796 364 1066 431 fciant-quid
1092 365 1268 414 bonum
1293 368 1345 416 δε
1366 368 1558 425 malum,
1593 367 1722 416 causa
1757 366 1820 415 est
1843 367 1948 430 quia
1971 369 2233 417 non‘sciunt
2255 371 2371 436 quid

337 434 528 484 charitas
552 447 660 495 erga
682 431 967 497 proximum,
1003 433 1037 480 fi
1063 432 1178 481 hanc
1202 434 1380 492 seirent,
1416 436 1566 483 etiam
1591 436 1758 483 scirent
1775 435 1887 501 quid
1927 436 2103 484 bonum
2133 437 2184 484 δε
2207 454 2264 484 tx
2290 446 2370 486 bo·

329 516 393 549 no
412 499 528 564 quid
561 500 758 556 malum,
794 515 936 548 omne
972 499 1098 548 enim
1130 502 1175 547 id
1215 501 1392 551 bonum
1417 502 1499 559 est,
1535 503 1664 567 quod
1687 519 1744 550 ex
1767 502 1970 567 genuina
2007 502 2227 552 charitate
2258 521 2368 567 erga

388 566 394 578 ²
456 567 603 615 imum
627 567 755 615 venit
775 584 787 614 :
823 564 902 615 sed
922 567 970 615 in
995 567 1085 615 hoc
1103 568 1229 626 bono
1252 585 1392 616 nemo
1412 570 1561 633 potest
1585 570 1675 617 effe
1697 586 1757 617 ex
1781 569 1839 626 se,
1876 569 1942 617 est
1959 570 2082 618 enim
2103 570 2256 634 ipsum
2271 588 2367 620 coe-

335 633 445 683 leste
468 633 601 697 quod
627 633 781 683 influit
803 634 1060 683 aDomino
1081 656 1094 690 ;
1131 635 1221 682 hoc
1241 636 1426 684 coeleste
1457 636 1673 684 continue
1698 637 1868 692 influit,
1905 636 1980 684 sed
2021 636 2205 685 obstant
2247 642 2365 687 mala

328 700 381 759 ὃς
406 698 513 747 falsa
533 700 650 765 quid
676 702 814 765 poffit
838 701 973 766 recipi
996 722 1012 756 3
1050 717 1099 751 ut
1114 704 1268 767 itaque
1292 702 1544 767 recipiatur,
1582 703 1809 751 necessum
1835 702 1899 751 est
1935 716 1987 750 ut
2027 704 2172 752 homo
2210 721 2363 754 remo-

325 779 434 816 veat
457 768 592 825 mala,
616 770 668 818 &
686 780 924 834 quantum*
941 768 1092 833 potest
1115 770 1255 818 etiam
1279 769 1406 828 falsa,
1431 772 1483 819 δε
1505 771 1564 819 fic
1582 770 1624 818 se
1647 770 1857 834 disponat
1873 770 1930 821 ad
1952 770 2268 835 recipiendum
2292 770 2363 820 in-

325 833 546 890 fluxum3
583 836 773 901 quando
798 838 987 884 remotis
1014 837 1144 884 malis
1169 838 1315 885 homo
1344 837 1509 902 recipit
1546 838 1798 895 influxum,
1846 851 1954 890 tunc
1988 840 2153 901 accipit
2192 856 2362 900 novam

331 901 625 950 voluntatem
647 899 712 967 ,δὲ
735 918 908 950 novum
933 903 1254 961 intelleftuale‚
1291 921 1350 952 ex
1373 920 1493 952 nova
1515 905 1751 953 voluntate
1776 905 1908 952 sentit
1921 903 2185 970 jucundum
2211 907 2256 953 in
2283 909 2362 955 be·

322 967 601 1017 nefaciend'o-
625 969 845 1034 proximo
867 985 924 1016 ex
949 971 1076 1019 nullo
1098 971 1192 1018 fine
1223 973 1306 1027 sui,
1341 973 1393 1021 δε
1417 988 1476 1019 ex
1495 980 1626 1020 ‘novo
1666 972 1954 1020 intellefilmali
1993 973 2254 1036 appereipit
2283 973 2358 1036 ju·

321 1036 547 1084 mudum(
575 1037 623 1084 in
659 1036 879 1084 discendo
903 1037 1029 1102 equid
1055 1039 1232 1087 bonum
1268 1040 1320 1088 ὅτ
1361 1054 1524 1087 verum
1561 1053 1752 1104 propter
1786 1039 1937 1088 illa&
1960 1053 2149 1104 propter
2171 1041 2315 1088 vitam
2336 1062 2352 1095 ;

324 1104 632 1164 quraznovum
657 1103 746 1152 hoc
775 1104 1080 1153 intellefituale
1112 1106 1165 1154 δι’
1198 1121 1374 1155 novum
1413 1108 1731 1155 voluntarium
1768 1105 1920 1154 existit
1959 1122 2039 1170 per
2065 1107 2293 1155 influxum
2335 1124 2362 1155 a

328 1170 562 1226 Domino,
598 1169 767 1218 ideirco
791 1170 828 1218 is
867 1172 949 1237 qui
985 1187 1276 1234 regeneratus
1312 1174 1394 1229 est,
1429 1175 1649 1238 agnoscit.
1676 1175 1727 1223 δε
1750 1172 1910 1230 credit,
1946 1173 2081 1238 quod⁴
2109 1176 2284 1222 bonum
2310 1176 2364 1223 &

256 1296 263 1302 ι
328 1252 494 1284 verum
518 1237 686 1302 quibus
707 1237 921 1296 afficitur,
957 1253 1052 1286 non
1070 1240 1127 1288 fit
1147 1239 1266 1288 exse
1290 1240 1363 1288 sed
1383 1256 1442 1288 ex
1458 1241 1686 1296 Domino,
1722 1253 1821 1288 tum
1841 1242 1972 1305 quod
1993 1238 2214 1305 quicquid
2238 1242 2359 1289 exse

326 1303 403 1353 seu
423 1320 482 1351 ex
507 1305 714 1368 proprio,
750 1321 843 1353 non
862 1305 918 1354 fit
943 1306 1027 1353 nis1
1046 1306 1253 1362 malum3
1278 1323 1337 1355 ex
1356 1308 1428 1356 his
1452 1319 1595 1371 patet,
1619 1308 1735 1372 quid
1754 1307 1809 1356 sit
1830 1308 1988 1356 denuo
2012 1308 2232 1370 generari,
2252 1321 2356 1357 tum

326 1370 438 1435 quid
475 1370 531 1418 fit
568 1387 743 1420 novum
779 1372 1090 1421 voluntarium
1132 1375 1184 1420 ὅτ.
1225 1390 1406 1422 novum
1446 1375 1782 1439 intelletfftuale3
1819 1373 1895 1423 sed
1936 1376 2235 1437 regeneratio,
2274 1375 2359 1439 p'er

324 1453 468 1502 quam
520 1453 701 1486 novum
761 1437 1063 1486 intelle6tuale
1114 1439 1169 1486 ὅτ
1222 1456 1403 1490 novum
1460 1441 1798 1498 voluntarium,
1862 1457 1956 1488 non
2015 1442 2070 1489 fit
2110 1457 2204 1489 uno
2250 1459 2358 1491 mo·

324 1503 500 1560 merim,
537 1505 610 1552 sed
650 1505 702 1552 fit
736 1521 759 1552 a
785 1507 939 1569 prima
959 1506 1152 1554 infantia
1175 1507 1319 1573 usque
1344 1509 1402 1555 ad
1425 1508 1648 1557 ultimum
1671 1509 1802 1564 virae,
1837 1507 1899 1559 &q
1935 1506 2087 1573 postea
2131 1508 2175 1555 in
2219 1509 2357 1558 altera

322 1570 420 1619 vita
443 1570 491 1618 in
513 1585 753 1636 aeternum,
789 1574 839 1621 δε
866 1574 954 1621 hoc
978 1590 1060 1637 per
1083 1574 1244 1622 Media
1269 1576 1458 1632 Divina,
1494 1575 1846 1624 innumerabilia
1881 1574 2237 1630 &ineffabilia
2274 1576 2359 1626 ho*-

324 1653 407 1687 mo
427 1638 554 1686 enim
577 1654 639 1686 ex
658 1640 700 1687 se
726 1655 816 1687 non
842 1640 908 1687 est
930 1641 1014 1689 nifi
1036 1642 1234 1700 malum,
1260 1642 1393 1707 quod
1414 1642 1632 1691 continue
1655 1643 1769 1691 ficut
1791 1658 1850 1692 ex
1874 1641 2052 1697 fornace
2071 1643 2268 1701 exhalat,
2304 1659 2364 1692 ac

322 1705 542 1754 continue
568 1706 744 1756 bonum
779 1707 962 1756 nascens
995 1709 1286 1771 exstinguere
1301 1723 1508 1767 conatur,
1543 1710 1599 1757 ad
1625 1708 2074 1771 removendumtale
2095 1710 2272 1758 malum
2302 1713 2355 1761 δι’,

321 1770 428 1822 loco
445 1770 541 1838 ejus
564 1774 903 1823 irradicandum
922 1776 1118 1834 bonum,
1157 1793 1248 1823 non
1273 1776 1425 1840 potest
1459 1777 1552 1824 fieri
1579 1777 1659 1826 nifi
1684 1793 1765 1842 per
1799 1793 1990 1826 ornnem
2015 1778 2129 1825 vitae
2151 1777 2354 1834 cursum,

324 1840 382 1890 &A
394 1856 475 1904 per
495 1841 674 1890 Divina
686 1842 855 1890 ·Media
877 1858 986 1912 quae
1005 1843 1357 1893 innumerabilia
1378 1845 1429 1893 &
1452 1844 1699 1893 ineffabilia
1722 1845 1822 1894 sunt
1842 1866 1857 1900 ;
1891 1844 2058 1895 horum
2087 1844 2354 1894 mediorum

325 1907 411 1961 vix
428 1905 579 1970 aliqua
604 1921 713 1956 nota
735 1908 840 1964 sunt
880 1901 967 1957 hoc
997 1923 1224 1976 tempore,
1259 1928 1318 1975 ex
1341 1911 1466 1961 causa
1497 1912 1605 1977 quia
1630 1912 1776 1961 homo
1810 1912 2062 1974 regenerari
2089 1911 2132 1959 se
2157 1927 2249 1959 non
2274 1929 2355 1977 pa-

324 1973 454 2031 titur,
489 1984 575 2023 nec
607 1977 752 2024 credit
786 1979 1178 2040 regenerationem
1197 1979 1372 2044 aliquid
1397 1979 1501 2036 effe,
1538 1980 1647 2044 quia
1664 1995 1756 2027 non
1780 1979 1923 2027 credit
1940 1980 2088 2042 vitam
2109 1977 2211 2042 post
2230 1995 2352 2027 mor-

325 2053 420 2089 tem
441 2042 718 2104 ·‚·proceffus
742 2045 1114 2106 regenerationis,
1150 2048 1230 2111 qui
1256 2045 1504 2095 ineffabilia
1527 2047 1749 2103 continet,
1785 2045 1941 2111 quoad
1973 2046 2222 2110 plurimam
2248 2062 2351 2110 par-

325 2120 422 2158 tem
447 2106 555 2158 facit
592 2108 856 2174 sapientiam
881 2112 1177 2176 Angelicam,
1214 2115 1265 2161 &
1300 2113 1366 2161 est
1390 2113 1491 2162 talis
1529 2128 1580 2162 ut
1602 2130 1627 2160 a
1661 2114 1791 2162 nullo
1814 2113 2007 2177 Angelo
2043 2114 2090 2160 in
2124 2126 2351 2163 aeternum

321 2175 458 2238 plene
475 2175 704 2224 exhauriri·
724 2190 894 2242 queat·‚
929 2178 1036 2226 inde
1065 2180 1145 2236 est,
1180 2179 1309 2244 quod
1345 2180 1391 2227 in
1419 2180 1542 2228 sensu
1565 2179 1742 2228 interno
1759 2180 1901 2228 Verbi
1932 2179 1999 2227 de
2021 2196 2079 2228 ex
2111 2181 2347 2245 praecipue

324 2257 497 2306 agatur.
567 2243 712 2309 rol
732 2245 960 2308 Ephraim
983 2246 1232 2295 sitnovum
1252 2247 1559 2296 Intellectuale
1593 2249 1639 2295 in
1674 2247 1880 2304 naturali,
1914 2263 1973 2294 ex
2003 2247 2213 2311 plurimis
2235 2249 2352 2296 locis

325 2309 550 2359 'in-Verbo,
569 2319 708 2374 patet,
739 2313 976 2376 praecipue
995 2316 1117 2378 apud
1144 2315 1424 2379 Prophetam
1447 2314 1732 2371 Hoscheam,
1767 2314 1850 2380 qui
1873 2315 1931 2362 de
1950 2313 2207 2378 Ephraimo
2224 2315 2347 2381 mulf

325 2387 430 2425 tum
457 2377 575 2441 agit,
611 2378 734 2442 apud
767 2396 908 2444 quern
927 2381 1043 2429 haec.
1065 2381 1235 2444 “Ego
1259 2383 1368 2431 novi
1410 2382 1713 2445 Ephraimum,
1750 2383 1801 2430 δι’
1833 2381 1962 2429 Israel
1987 2398 2078 2428 non
2112 2383 2220 2429 latet
2240 2383 2343 2440 Me,

324 2443 457 2506 quod*
471 2444 668 2495 omnino
692 2445 910 2494 scortatus
933 2448 988 2496 fis
1007 2449 1466 2514 Ephraim‚tpollutus
1480 2450 1535 2497 fit
1556 2450 1705 2498 Israel.
1775 2448 1908 2496 Israel
1932 2448 1983 2496 &
2008 2449 2220 2511 Ephraim
2243 2464 2343 2497 cor·

323 2523 459 2558 ruent
476 2526 556 2574 per
572 2512 862 2577 iniquitatem
879 2514 1022 2571 suam,
1045 2522 1225 2564 corruet
1243 2518 1383 2565 etiam
1397 2516 1614 2576 Jehudah
1633 2533 1738 2564 cum
1758 2515 1861 2563 illis.
1930 2515 2145 2577 Ephraim
2168 2516 2213 2562 in
2240 2515 2343 2564 soli-

324 2577 533 2633 tudinem
553 2580 653 2636 erit,
682 2580 727 2627 in
746 2581 821 2628 die
839 2581 1148 2630 correctionis,
1216 2582 1280 2630 Et
1295 2582 1404 2645 Ego
1424 2584 1534 2631 ficut
1553 2584 1672 2629 tinea
1696 2581 1951 2642 Ephraim'o,
1975 2583 2026 2628 &
2048 2582 2159 2628 ficut
2182 2583 2346 2632 teredo

323 2643 488 2694 domui
516 2645 729 2707 Jehudae.
798 2647 862 2696 Et
886 2648 1002 2695 vidit
1023 2649 1237 2712 Ephraim
1263 2651 1482 2698 morbum
1509 2650 1658 2706 suum,
1683 2650 1733 2696 &
1753 2648 1969 2711 jehudah
1995 2649 2163 2696 vulnus
2187 2651 2342 2707 suum„

323 2710 374 2759 &
391 2713 474 2761 ivit
492 2712 705 2774 Ephraim
729 2713 788 2763 ad
798 2714 1028 2781 Affyrium,
1053 2717 1103 2764 δε
1128 2717 1253 2764 misit
1275 2715 1332 2767 ad
1350 2717 1686 2779 regemJareb,
1723 2718 1772 2763 ὅτ.
1808 2715 1883 2763 hic
1903 2731 1994 2762 non
2019 2716 2169 2778 potuit
2189 2718 2336 2766 sanare

321 2793 410 2831 vos
427 2777 466 2820 ”v
496 2794 527 2825 v
545 2795 628 2841 :1-3.
650 2794 694 2839 5⁷.
715 2775 861 2843 901'1.
889 2801 962 2832 12.
989 2800 1072 2845 13:
1097 2784 1245 2831 adhuc
1267 2785 1388 2847 apud
1409 2783 1627 2837 Eundem
1661 2792 1693 2812 “
1715 2784 1921 2849 Qando
1939 2781 2089 2828 sanavi
2107 2783 2335 2848 Israelem,

323 2855 434 2893 tunc
470 2846 667 2895 revelata
689 2847 751 2894 est
775 2846 990 2912 iniquitas
1014 2850 1264 2912 Ephraimi,
1284 2852 1349 2903 ⁴&
1376 2851 1496 2905 mala
1519 2850 1752 2906 Samariae‚
1788 2849 1899 2913 quia
1923 2848 2123 2913 fecerunt
2148 2854 2337 2899 menda-

320 2911 478 2968 cium;
512 2914 562 2962 &
583 2911 657 2961 fur
678 2914 838 2970 venit,
859 2914 1084 2966 diffundit
1105 2917 1148 2965 se
1171 2932 1321 2968 turma
1346 2918 1467 2970 foris,
1519 2917 1604 2970 [Et
1628 2916 1716 2964 fuit
1741 2917 1958 2979 Ephraim
1982 2914 2096 2966 ficut
2119 2917 2337 2968 columba

321 2977 454 3031 stulta
479 2996 570 3029 non
591 2995 688 3039 cor,
732 2981 974 3045 AEgyptum
988 2994 1218 3039 vocarunt,
1244 2983 1731 3048 Aſjjrriam-abiverunss
1765 3001 1873 3032 cum
1890 2984 2039 3046 ibunt,
2073 2986 2337 3047 expandam

319 3044 453 3110 super
475 3063 553 3094 eos
575 3061 669 3097 rete
693 3064 853 3098 meum
869 3048 902 3067 ''
927 3065 1004 3097 vn
1029 3066 1043 3097 ε
1074 3069 1089 3098 1
1109 3068 1148 3114 ¹.·
1182 3065 1237 3101 12
1273 3050 1378 3113 seq:
1416 3067 1555 3113 porro
1588 3058 1624 3080 ‘⁶
1647 3051 1915 3113 Deglutitus
1937 3047 2000 3094 est
2025 3049 2173 3114 Israel,
2209 3069 2332 3100 nunc

319 3111 462 3161 futuri
486 3113 588 3163 sunt
612 3115 728 3165 inter
745 3129 927 3180 gentes,
963 3117 1076 3165 ficut
1096 3131 1175 3164 vas
1199 3118 1243 3164 in
1270 3133 1370 3181 quo,
1392 3133 1481 3164 non
1507 3117 1782 3171 desiderium
1805 3140 1820 3174 3
1855 3113 2045 3181 quando
2080 3116 2147 3167 illi
2181 3118 2337 3180 ascen-2,

320 3177 483 3229 derunt
504 3181 735 3248 Afflriam,
770 3199 943 3250 onager
977 3183 1218 3242 solitarius,
1255 3184 1334 3232 fibi
1361 3185 1575 3248 Ephraim
1598 3186 1808 3233 mercede
1843 3183 2095 3232 meretricia
2124 3186 2334 3236 conciliat

319 3246 718 3316 amores’{..7111:
746 3252 865 3317 8..«9.
934 3250 1068 3302 lsrael
1105 3267 1199 3305 non
1221 3251 1491 3303 habitabunt
1508 3254 1572 3303 ‚in
1594 3264 1711 3309 terra
1743 3252 1776 3316 J
1781 3250 1963 3313 ςῂονπ,
2000 3251 2065 3324 &¹
2085 3262 2333 3367 νεέεἵετιιν

340 3336 343 3338 ,
2011 3324 2025 3333 “
2158 3333 2187 3381 p
2217 3321 2335 3366 raim
