2566 3640
315 229 455 301 410
669 212 731 282 G
868 213 942 285 E
1068 212 1162 286 N
1290 213 1361 287 E
1492 212 1552 303 S
1678 215 1736 284 J
1855 213 1923 287 S.

321 326 544 388 hominiS,
579 330 752 379 constat
784 346 840 379 ex
863 330 966 386 illis,
1003 344 1114 393 quae
1137 328 1263 395 prius
1286 330 1343 380 de
1367 329 1531 380 Celesti
1569 328 1760 379 homine
1782 327 1902 395 saepe
1929 327 2052 379 dicta
2073 328 2125 380 δε
2145 330 2300 382 οῖὶεηὲ

323 393 366 442 sa
380 393 511 453 sunt;
533 397 658 462 quod
672 411 839 460 nempe
854 394 1060 443 Coelestis
1073 395 1219 445 homo
1232 396 1284 444 fit
1295 397 1375 462 qui
1392 412 1448 444 ex
1464 395 1719 445 voluntario
1736 398 1782 445 in
1802 397 1925 446 bono
1942 396 2023 455 est,
2059 398 2108 446 &
2125 398 2232 448 inde
2249 401 2299 448 in

303 477 471 516 -vero3
523 465 574 512 δε
624 462 750 527 quod
795 461 1097 523 distinguatur
1135 477 1161 508 a
1201 462 1420 527 spirituali
1455 462 1644 510 homine
1684 461 1732 510 in
1769 479 1842 522 eo,
1877 465 2006 530 quod
2044 465 2117 513 hic
2149 466 2203 514 sit
2240 480 2300 514 ex

327 529 617 578 intellectuali
641 532 688 576 in
711 544 821 576 vero
843 529 894 576 ὅτ
917 526 1024 575 inde
1047 526 1093 575 in
1119 528 1241 576 bono
1263 550 1277 584 ;
1311 530 1363 578 δι
1401 527 1508 594 quia
1531 525 1776 576 Menasche
1814 529 1880 578 est
1919 530 2094 580 bonum
2117 531 2299 581 Volun-

325 597 444 654 tarii,
480 596 585 643 ideo
606 611 690 658 per
713 594 844 642 illum
872 592 1213 658 repraesentatur
1236 594 1447 644 Coelestis
1470 594 1631 651 homo,
1669 592 1744 641 sed
1772 594 1942 643 celestis
1977 598 2124 645 homo
2154 611 2301 647 exter·

327 679 432 721 nm,
469 661 541 709 seu
576 662 719 709 homo
744 659 960 709 Ecclefiae
992 659 1186 708 coelestis
1218 674 1437 718 externae,
1473 673 1579 710 nam
1607 659 1856 709 Menasche
1891 661 1956 709 est
1997 664 2171 712 bonum
2197 666 2299 713 Vo-

329 729 509 778 luntarii
548 727 593 775 in
629 727 836 784 naturali,
891 727 951 774 ita
986 727 1034 775 in
1073 726 1282 777 Externo
1325 728 1530 784 homine,
1582 726 1810 790 Josephus
1851 739 2004 776 autem
2049 728 2113 777 est
2154 730 2302 780 homo

329 795 542 845 Ecclefiae
566 792 768 841 Caelestis
806 794 1015 852 internae,
1056 794 1167 857 quia
1200 794 1265 843 est
1298 795 1476 843 bonum
1510 793 1753 841 voluntarii
1787 793 1833 839 in
1872 794 2098 851 rationali,
2146 795 2208 845 ita
2254 798 2302 844 in

338 864 525 912 Interno
550 860 753 908 homine.
820 860 983 908 Paucis
1005 860 1146 909 etiam
1181 860 1430 910 dicendum
1465 860 1528 908 est
1562 860 1620 907 cle
1642 860 1767 907 Vero
1801 858 1910 908 boni
1946 861 2070 925 quod
2107 860 2171 908 est
2197 863 2309 911 Coe-

331 929 451 978 lestis
475 927 691 984 hominiS‚
727 925 904 976 Verum
941 926 1058 976 illud
1093 926 1285 992 quidem
1320 928 1485 976 dicitur
1509 926 1703 984 Verum,
1741 926 1813 975 sed
1847 926 1911 974 est
1933 927 2142 974 bonum:
2179 929 2304 993 apud

330 995 565 1046 coelestem
610 991 846 1041 hominem
897 993 963 1041 est
1004 995 1178 1042 bonum
1213 999 1380 1045 amoris
1423 994 1468 1041 in
1511 993 1788 1050 Dominum,
1839 993 1891 1041 ὅτ,
1926 994 2100 1041 bonum
2136 997 2307 1043 amoris

334 1078 441 1125 erga
494 1060 760 1124 proximum
782 1080 796 1114 3
848 1060 1022 1108 bonum
1075 1061 1242 1108 amoris
1298 1062 1343 1108 in
1379 1060 1662 1116 Dominum,
1719 1059 1784 1106 est
1817 1059 2053 1108 Internum
2089 1058 2202 1124 ejus,
2257 1073 2305 1110 at

328 1133 509 1178 bonum
544 1126 711 1174 amoris
746 1141 852 1189 erga
886 1128 1155 1191 proximum
1207 1125 1270 1174 est
1310 1127 1568 1189 Externum
1604 1124 1697 1188 ejus
1719 1146 1734 1181 3
1790 1138 2069 1190 quapropter
2120 1129 2200 1192 qui
2247 1129 2307 1177 ab
2375 1123 2383 1126 ⁴

334 1193 539 1246 Ecclesia
562 1192 751 1240 Coelesti
787 1193 905 1249 sunt,
942 1193 988 1239 in
1007 1193 1219 1241 Ecclefiae
1253 1193 1369 1243 illius
1393 1195 1577 1242 Interno
1611 1192 1715 1247 sunt
1747 1194 1828 1256 qui
1864 1195 1910 1240 in
1944 1208 2100 1240 amore
2134 1195 2181 1240 in
2206 1195 2308 1242 Do-

332 1264 532 1316 minum,
567 1260 616 1306 &
642 1259 686 1304 in
713 1258 928 1306 Ecclesiae
955 1258 1159 1307 Externo
1181 1260 1261 1324 qui
1287 1262 1332 1308 in
1350 1276 1503 1308 amore
1526 1274 1629 1323 erga
1654 1260 1938 1322 proximum,
1974 1259 2149 1307 bonum
2173 1259 2308 1323 hujus

331 1329 516 1383 amors,
565 1340 729 1388 nempe
752 1325 920 1373 amoris
943 1341 1050 1388 erga
1072 1329 1340 1390 proximum
1365 1327 1489 1391 apud
1512 1324 1748 1373 coelestem
1773 1325 2027 1382 hominem,
2063 1324 2143 1384 est,
2179 1327 2307 1391 quod

332 1396 408 1444 hic
428 1404 614 1441 vocatur
633 1407 791 1439 verum
812 1392 938 1447 boni,
971 1394 1021 1441 &
1046 1392 1391 1457 repraesentatur
1414 1409 1494 1458 per
1512 1392 1787 1441 Menaschen
1809 1410 1820 1440 :
1859 1392 2065 1441 Coelestis
2087 1392 2212 1440 enim
2227 1393 2311 1441 ho-

334 1478 417 1509 mo
441 1459 505 1508 est
522 1458 636 1515 talis,
673 1470 727 1506 ut
750 1474 841 1506 non
867 1459 1156 1508 ratiocinetur
1176 1477 1234 1508 ex
1258 1477 1383 1517 vero,
1419 1475 1501 1508 nec
1522 1459 1578 1507 de
1601 1474 1725 1516 vero,
1761 1475 1866 1508 nam
1891 1461 2229 1526 perceptionem
2253 1475 2311 1509 ex

332 1530 478 1585 bono,
514 1525 602 1572 hoc
624 1523 704 1582 est,
742 1540 823 1590 per
846 1526 1019 1575 bonurn
1039 1544 1062 1574 a
1089 1527 1314 1584 Domino,
1348 1527 1504 1584 habet,
1540 1525 1669 1590 quod
1699 1529 1765 1573 'ita
1800 1526 1851 1576 fit
1885 1527 1958 1574 vel
1993 1542 2085 1574 non
2117 1527 2195 1583 ita,
2247 1543 2308 1575 n:

337 1610 449 1644 202.
478 1609 501 1656 3
512 1606 588 1655 37.
615 1605 760 1653 2715.
787 1594 930 1654 3246.
958 1594 1086 1653 4448
1113 1614 1127 1648 ;
1186 1606 1386 1641 attamen
1419 1593 1595 1642 bonum
1624 1591 1853 1640 charitatis
1886 1593 2007 1657 apud
2043 1593 2193 1651 illum,
2245 1591 2312 1641 est

332 1660 459 1726 quod
483 1670 670 1706 vocatur
693 1672 866 1716 verum,
901 1658 975 1706 sed
992 1659 1171 1708 coeleste
1194 1675 1372 1709 verum.
2289 1659 2293 1662 ’

405 1725 549 1789 6296.
589 1724 652 1773 Et
676 1737 965 1773 veruntamen
984 1724 1116 1773 frater
1139 1724 1233 1787 ejus
1254 1728 1404 1775 minor
1421 1741 1616 1791 magnus
1635 1726 1714 1774 fiet
1737 1741 1833 1788 prae
1857 1724 1954 1782 illo,
1989 1724 2115 1788 quod
2141 1725 2314 1792 fignifi-

337 1791 410 1842 c'et
426 1790 552 1856 quod
573 1792 749 1838 bonum
773 1805 829 1837 ex
853 1807 962 1840 vero
985 1792 1089 1856 plus
1112 1791 1377 1840 incrementi
1402 1793 1568 1856 capiet,
1604 1794 1665 1842 ita
1687 1792 1930 1857 spiritualis
1945 1792 2105 1848 homo,
2141 1793 2315 1841 constat

338 1877 397 1908 ex
422 1857 812 1921 repraesentatione
835 1858 1094 1922 Ephraimi‚
1128 1860 1211 1922 qui
1234 1859 1309 1907 hic
1328 1860 1391 1908 est
1410 1858 1544 1907 frater
1568 1860 1738 1917 minor,
1774 1858 1903 1924 quod
1924 1858 1978 1906 fit
2002 1874 2160 1907 verum
2185 1859 2315 1913 intel-f

340 1925 541 1975 lestualis
566 1925 610 1970 in
638 1924 825 1970 naturali
850 1938 1006 1972 natum
1031 1925 1087 1972 ab
1111 1925 1313 1982 Interno,
1364 1927 1422 1974 de
1444 1942 1536 1990 qua
1559 1943 1619 1974 n.-
1645 1926 1793 1989 6234.
1831 1926 1976 1987 6238.
2016 1923 2142 1987 6267
2166 1946 2183 1981 3
2237 1925 2314 1974 hic

340 2005 493 2041 autem
513 1989 576 2036 est
603 1988 828 2053 Ephraim
847 1990 1022 2039 bonum
1045 2007 1103 2038 ex
1118 2007 1247 2049 vero,
1282 1992 1341 2039 de
1353 2009 1446 2057 quo
1466 1993 1664 2057 sequitur
1686 1994 1736 2040 &
1759 2007 1817 2038 ex
1841 1991 2163 2055 fignificatione
2184 1989 2323 2056 mag-⁴

343 2076 428 2107 nus
453 2058 550 2106 fieri
576 2072 669 2118 prae
692 2055 847 2113 altero,
895 2059 1021 2121 quod
1047 2058 1101 2105 lit
1124 2058 1225 2121 plus
1260 2057 1528 2108 incrementi
1563 2075 1736 2123 capere.
1808 2058 1950 2122 Qod
1979 2057 2203 2120 Ephraim
2239 2059 2316 2106 hic

344 2126 398 2173 stt
420 2126 593 2171 bonum
620 2138 676 2169 ex
701 2138 825 2179 vero,
876 2123 942 2171 est
973 2124 1079 2188 quia
1103 2124 1653 2188 repraesentathominem
1677 2124 1890 2172 Ecclefiae
1914 2121 2187 2188 SpiritualiS,
2240 2125 2315 2172 sed

343 2190 578 2238 hominem
613 2188 828 2237 Ecclesiae
862 2190 1100 2253 spiritualis
1132 2204 1348 2248 externae,
1400 2192 1510 2239 ficut
1546 2191 1790 2238 Menasche
1826 2192 2062 2239 hominem
2098 2190 2316 2238 Ecclefiae

346 2254 556 2304 Coelestis
579 2268 795 2312 externae,
834 2272 887 2303 n:
917 2256 1044 2319 62'95
1067 2272 1078 2301 ε
1115 2256 1243 2305 illum
1263 2259 1520 2317 hominem,
1557 2273 1722 2321 nempe
1738 2257 1974 2305 hominem
1993 2255 2207 2304 Ecclefiae
2230 2256 2319 2321 spi-

346 2323 531 2377 ritualis,
567 2320 801 2370 constituit
822 2323 998 2371 bonum
1022 2339 1078 2370 ex
1100 2340 1226 2382 vero,
1273 2325 1509 2372 Internum
1535 2324 1654 2383 illius
1679 2319 1894 2371 Ecclefiae
1916 2323 1979 2370 est
2002 2322 2130 2387 quod
2155 2339 2320 2387 reprae-

349 2390 542 2437 sentatur
564 2403 644 2452 per
667 2388 890 2445 israelem,
929 2387 1184 2436 Externum
1220 2403 1373 2437 autem
1409 2407 1488 2455 per
1513 2390 1834 2454 Ephraimurn.
1908 2391 2077 2437 Homo
2101 2387 2321 2439 Ecclefiae

349 2454 589 2518 spiritualis
611 2454 763 2502 differt
785 2455 841 2502 ab
865 2454 1053 2502 homine
1079 2455 1293 2504 Ecclefiae
1315 2456 1505 2504 coelestis
1529 2458 1575 2503 in
1600 2473 1671 2513 eo,
1717 2457 1845 2519 quod
1881 2455 1996 2503 illius
2028 2456 2204 2503 bonum
2234 2455 2322 2504 im-

352 2525 605 2584 plantatum
628 2521 678 2568 fit
703 2523 748 2567 in
775 2534 894 2585 parte
920 2522 1227 2578 intellectuali,
1276 2522 1407 2586 hujus
1430 2536 1584 2570 autem
1616 2524 1788 2570 bonum
1822 2523 1868 2570 in
1892 2534 2019 2585 parte
2043 2522 2320 2580 voluntaria,

355 2589 560 2635 videatur
581 2602 633 2643 n:
656 2588 771 2650 863.
791 2592 902 2650 875.
923 2590 1031 2651 895.
1060 2603 1171 2651 927.
1194 2591 1308 2651 928.
1343 2605 1480 2652 ¹0²3·
1509 2604 1813 2653 104321044.
1837 2589 1978 2648 2256.
1999 2589 2151 2650 4328.
2169 2603 2316 2651 4493.

360 2670 413 2714 51
431 2671 481 2715 ¹3
507 2646 728 2706 ,idcirco
746 2652 965 2715 Ephraim
985 2655 1275 2717 repraesentat
1293 2654 1564 2718 spiritualem
1585 2656 1821 2703 hominem
1843 2676 1856 2709 ;
1892 2656 1940 2702 &
1960 2654 2208 2702 Menasche'
2226 2668 2322 2700 coe—

355 2721 524 2769 lestem'.
596 2719 738 2780 Qod
764 2721 937 2766 bonum
957 2734 1014 2766 ex
1038 2735 1164 2777 vero,
1202 2721 1272 2768 seu
1298 2721 1536 2784 spiritualis
1561 2721 1724 2777 homo,
1759 2721 1855 2784 plus
1878 2722 2140 2768 incrementi
2157 2719 2321 2782 capiet,

355 2802 496 2850 quam
520 2786 695 2831 bonurn
720 2801 774 2832 ex
797 2801 892 2848 quo
915 2800 1077 2833 verum
1101 2785 1174 2833 seu
1198 2787 1388 2834 coelestis
1413 2789 1572 2843 homo,
1606 2786 1667 2834 est
1692 2788 1800 2851 qula
1822 2786 2144 2834 Voluntarium
2168 2785 2322 2832 homi-

357 2851 426 2898 nis
460 2851 673 2898 continue
713 2851 1011 2914 depravatum
1048 2851 1127 2910 est,
1163 2854 1210 2900 &
1237 2854 1421 2901 tandem
1450 2855 1527 2910 ita,
1565 2851 1622 2900 ut'
1642 2854 1818 2900 malum
1841 2851 2126 2915 occupaverit
2148 2861 2326 2910 totum,-

357 2916 471 2963 adeo
497 2929 545 2962 ut
569 2932 658 2963 non
680 2917 853 2981 aliquid
879 2918 1108 2981 integrum
1131 2919 1193 2966 ibi
1212 2920 1467 2966 remanserit
1488 2941 1501 2973 3
1538 2934 1592 2966 ne
1612 2919 1722 2967 ideo
1739 2920 1880 2967 homo
1899 2917 2082 2982 periret,
2115 2915 2322 2980 providit

362 2983 605 3040 Dominus,
641 2995 694 3029 ut
717 2985 965 3044 regenerari
989 2985 1134 3046 poffet
1171 2985 1323 3049 quoad
1365 3000 1540 3049 partem
1577 2985 1944 3040 intellectualem,
1979 2983 2029 3030 δε
2052 2981 2111 3037 fic
2133 2981 2328 3030 salvari:

363 3048 467 3094 inde
487 3064 603 3095 nunc
622 3048 701 3105 est,
739 3050 862 3113 quod
889 3049 1014 3113 pauci
1043 3050 1127 3097 fint
1149 3051 1267 3114 apud
1291 3067 1404 3114 quos
1428 3051 1598 3113 aliquid
1623 3051 1767 3098 adhuc
1789 3052 2015 3112 integrum
2038 3047 2102 3095 est
2127 3047 2171 3094 in
2195 3060 2323 3111 parte.

360 3113 629 3168 voluntaria,
682 3113 740 3161 ita
763 3116 894 3177 pauci
919 3115 996 3178 qui
1019 3116 1114 3164 fieri
1139 3116 1351 3164 Coelestes
1389 3117 1614 3172 homines,
1668 3116 1739 3163 sed
1764 3115 1910 3178 plures
1934 3113 2014 3178 qui
2039 3113 2286 3175 spirituales
2305 3135 2328 3170 3

358 3181 418 3228 ita
443 3178 566 3244 quod
580 3179 625 3226 hi
645 3179 746 3244 plus
765 3181 1029 3230 incrementi
1052 3182 1231 3247 capient
1248 3194 1387 3247 quarn
1407 3182 1472 3230 illi
1493 3203 1507 3239 3
1544 3182 1630 3231 hoc
1654 3196 1773 3230 nunc
1791 3179 1873 3241 est,
1905 3179 2028 3246 quod
2049 3179 2325 3247 significatur

2238 3249 2324 3315 Per,
