2606 3646
408 229 2063 336 290*GENESJ.5.

410 367 670 423 Internum,
707 365 829 414 idem
862 365 942 422 est,
979 380 1082 412 nam
1107 364 1284 414 bonum
1307 365 1507 414 naturale
1529 363 1765 413 const-ituit
1787 363 2004 412 Ecclefiae
2029 365 2312 422 Externum,
2348 367 2399 416 ac

382 437 592 481 bonurn
612 432 840 507 spirituale
859 432 1074 480 Ecclefiae
1097 431 1349 481 Internum.
1419 431 1660 494 Spirituale
1675 432 1842 480 dic'itur
1860 432 1987 496 quod
2006 432 2100 479 est
2088 448 2135 480 m
2155 432 2254 481 luce
2272 434 2402 492 coeli,

418 517 525 548 nam
550 501 678 564 quod
700 500 791 546 est
782 515 826 546 in
854 500 926 545 illa
950 498 1066 554 luce,
1104 500 1151 545 in
1176 499 1217 546 se
1242 499 1378 546 habet
1401 496 1687 545 affectionem
1713 497 1892 546 boni&
1918 499 2259 574 perceptionem
2284 500 2402 557 veri,

418 568 492 614 hae
516 567 617 614 sunt
653 566 698 612 in
738 565 812 612 illa
836 564 951 622 luce,
989 564 1094 627 quia
1118 564 1196 611 lux
1236 564 1314 612 illa
1359 561 1424 611 est
1469 579 1494 610 a
1517 563 1759 617 Domino;
1795 578 2072 628 quapropter
2103 582 2181 631 qui
2208 566 2253 613 in
2279 567 2404 614 bono

420 635 469 681 δε
494 649 603 680 vero
626 631 841 696 spirituali
878 631 996 687 sunt,
1034 630 1098 677 illi
1129 632 1176 678 in
1208 631 1396 679 Interno
1420 629 1637 679 Ecclefiae
1676 629 1795 687 sunt,
1833 644 1936 677 nam
1973 630 2075 679 sunt
2102 634 2249 696 capite
2286 633 2405 681 intra

419 700 623 747 coelum:
663 698 862 745 naturale
880 712 1032 744 autem
1055 697 1235 755 dicitur,
1271 696 1397 762 quod
1422 696 1522 744 est
1510 713 1557 743 m
1582 697 1681 743 luce
1706 697 1888 752 mundi,
1923 698 1972 744 δε
1995 699 2154 756 quod
2145 716 2189 745 in
2215 699 2288 746 illa
2309 699 2409 747 luce

420 767 503 822 est,
543 782 633 813 non
656 765 759 827 inse
785 765 918 812 habet
934 755 1228 812 affectionem
1251 764 1363 812 boni
1387 765 1436 812 ὅτ
1459 763 1804 839 perceptionem
1829 762 1947 821 veri,
1985 764 2056 811 sed
2082 767 2299 827 extrast3
2335 765 2404 813 in-

424 832 531 879 fluit
546 847 668 878 erum
695 831 776 878 lux
795 831 919 887 coeli,
956 831 1005 879 &
1030 829 1257 881 illuminat
1293 830 1467 878 circum
1503 829 1634 887 circa,
1674 829 1733 877 ita
1761 841 1904 887 extra,
1941 846 2032 877 non
2058 830 2192 889 intra,
2229 832 2279 880 &
2301 832 2410 881 facit

424 914 478 947 ut
503 898 660 945 sciatur
683 897 809 961 quod
844 897 1017 946 bonum
1060 895 1113 943 fit
1145 897 1333 954 bonum,
1370 898 1421 945 &
1444 912 1610 944 verum
1634 911 1814 951 verum,
1850 897 1960 960 quia
1994 897 2057 943 ita
2095 897 2279 954 dicitur,
2317 915 2409 947 non

423 965 552 1029 quod
581 965 640 1011 ita
670 963 756 1010 effe
793 965 1109 1028 percipiatur;¹
1133 976 1413 1038 quapropter
1435 963 1517 1028 qui
1543 963 1589 1010 in
1624 963 1749 1010 bono
1782 963 1970 1014 naturali
1997 962 2114 1021 sunt,
2151 963 2253 1011 ini
2243 979 2286 1011 1n
2314 964 2412 1013 Ex-

425 1046 558 1079 terno
599 1029 815 1078 Ecclefiae
855 1029 972 1085 sunt,
1007 1044 1115 1076 nam
1151 1046 1243 1078 non
1279 1028 1441 1094 Capite
1474 1029 1578 1076 sunt
1610 1028 1655 1076 in
1680 1028 1823 1085 coelo,
1859 1028 1934 1076 sed
1957 1042 2095 1093 caput
2130 1029 2414 1080 illuminatur.

427 1098 533 1145 inde
556 1096 612 1143 ab
629 1108 771 1144 extra.
840 1095 980 1143 Nunc
1003 1095 1148 1155 Jacob
1164 1109 1348 1144 vocatur
1367 1096 1530 1159 Jacob,
1566 1111 1660 1142 non
1686 1095 1836 1152 Israel,
1869 1110 1927 1142 ex
1944 1094 2073 1143 causa
2095 1096 2201 1161 quia
2224 1113 2344 1145 nunc
2365 1099 2412 1146 in

427 1162 627 1213 externis
651 1162 769 1218 sunt,
806 1175 856 1209 ut
877 1163 934 1209 ab
958 1162 1062 1219 illis,
1099 1178 1206 1226 quae
1243 1162 1375 1226 supra
1396 1161 1517 1211 dic'ta
1542 1160 1663 1217 sunt,
1699 1162 1861 1225 liquet.

493 1229 638 1295 5966.
675 1228 739 1276 Et
756 1197 1075 1276 ’indicaverunt
1099 1228 1165 1276 illi
1189 1228 1405 1287 dicendo,
1443 1228 1571 1292 quod
1598 1227 1819 1290 significet
1842 1227 2071 1276 influxum
2098 1228 2144 1275 δι
2170 1245 2416 1304 appercep

427 1297 624 1352 tionem,
657 1293 829 1342 constat
851 1311 877 1342 a
900 1294 1229 1358 significatione
1254 1294 1470 1351 indicare,
1507 1293 1631 1359 quod
1651 1295 1706 1343 fit
1723 1295 2070 1352 communicari,
2107 1295 2156 1342 &
2179 1294 2416 1360 conjungi,

427 1367 484 1412 de
508 1377 598 1426 qua
623 1378 682 1409 n:
708 1362 857 1421 4856.
877 1362 1026 1425 5596,
1051 1361 1112 1409 ita
1136 1377 1324 1427 quoque
1348 1361 1564 1417 influxus,
1600 1377 1706 1409 narn
1731 1360 1859 1425 quod
1885 1360 2125 1416 indicatur,
2161 1362 2280 1423 hoc
2269 1378 2313 1409 in
2336 1379 2415 1411 co-

426 1429 701 1503 gitationoem
738 1426 926 1483 influit3
961 1429 1056 1475 &a
1082 1427 1409 1501 significatione
1441 1427 1593 1475 dicere
1632 1429 1679 1475 in
1722 1426 1941 1475 historicis
1983 1428 2164 1486 VerbiS,
2215 1427 2339 1494 quod
2363 1431 2417 1479 fit
2502 1456 2513 1468 .

427 1494 682 1562 perceptio,
719 1486 776 1539 de
800 1508 892 1557 qua
916 1492 1095 1556 ἠερίης,
1132 1495 1190 1543 ita
1213 1489 1400 1559 quoque
1432 1493 1742 1559 apperceptio.

497 1562 641 1625 5967.
678 1558 851 1609 Adhuc
875 1559 1048 1623 Joseph
1063 1560 1195 1617 vivit,
1229 1562 1356 1624 quod
1380 1560 1606 1624 significet
1637 1559 1764 1624 quod
1800 1559 2038 1612 Internum
2062 1575 2156 1607 non
2180 1556 2419 1623 rejectum,

427 1629 603 1678 constat
627 1643 653 1674 a
688 1625 1084 1689 repraesentatione
1126 1627 1334 1692 Josephi‚
1382 1627 1508 1691 quod
1535 1627 1587 1674 sit
1610 1626 1785 1674 bonum
1828 1625 2086 1681 Internum,
2137 1626 2196 1672 de
2235 1643 2324 1690 qua
2358 1644 2387 1675 n
2407 1645 2419 1675 :

432 1700 578 1758 5805.
605 1693 751 1754 5826.
778 1695 922 1755 5827.
949 1693 1095 1758 5869.
1123 1695 1287 1757 5877,
1322 1694 1373 1741 ὅτ
1396 1708 1454 1741 ex
1479 1692 1818 1755 significatione
1827 1692 1999 1747 vivere,
2036 1691 2164 1756 quod
2189 1690 2243 1738 s1t
2264 1693 2415 1741 adhuc

426 1761 534 1817 esse,
572 1761 634 1807 ita
672 1773 767 1806 non
805 1756 1054 1821 rejectum:
1091 1759 1218 1823 quod
1242 1759 1400 1807 vivere
1434 1759 1488 1806 fit
1521 1774 1615 1807 non
1651 1758 1739 1807 effe
1771 1757 2010 1821 rejectum,
2046 1758 2110 1805 est
2125 1757 2239 1831 ‘quia
2261 1773 2289 1806 a
2312 1759 2418 1807 filiis

432 1826 613 1891 jacobi,
652 1825 906 1881 Internum,
945 1825 1072 1889 quod
1095 1840 1176 1890 per
1193 1825 1448 1889 Josephum
1473 1822 1829 1888 repraesentatur,
1853 1823 2059 1888 primum
2077 1823 2294 1887 rejectum
2313 1825 2421 1884 fuit,

432 1898 483 1942 ὅτ
501 1893 607 1957 quia
624 1904 732 1939 tunc
749 1902 878 1955 pater
899 1905 1058 1940 eorum
1080 1891 1351 1951 crediderat,
1387 1890 1513 1956 quod
1533 1907 1556 1938 a
1577 1891 1721 1939 malis
1726 1891 1774 1939 δι
1796 1888 1912 1939 falfis
1931 1890 2134 1955 perierit,
2172 1905 2230 1937 n:
2257 1893 2423 1952 5828

430 1961 543 2008 inde
567 1973 687 2006 nunc
712 1973 793 2018 per
816 1957 993 2014 vivere,
1030 1956 1305 2022 significatur
1334 1958 1460 2023 quod
1485 1973 1578 2006 non
1604 1957 1666 2005 ita
1689 1957 1757 2005 fit.

505 2025 650 2089 5968
690 2023 756 2071 Et
781 2023 910 2088 quod
938 2023 1011 2072 ille
1035 2024 1304 2073 dominans
1291 2041 1338 2074 in
1355 2024 1485 2074 omni
1504 2035 1615 2072 terra
1638 2023 1857 2087 AEgypti,
1896 2022 2024 2087 quod
2049 1989 2272 2087 significet
2293 2024 2421 2089 quod

436 2108 568 2141 mens
589 2088 799 2138 naturalis
823 2089 903 2137 sub
924 2088 1018 2153 ejus
1035 2090 1251 2154 potestate
1273 2091 1346 2150 fit,
1381 2089 1554 2139 constat
1578 2106 1634 2137 ex
1658 2088 1988 2154 significatione
2006 2089 2254 2145 dominari,
2292 2091 2420 2155 quod

438 2160 494 2208 fit
523 2157 608 2206 sub
629 2153 721 2220 ejus
743 2156 958 2219 potestate
991 2157 1112 2212 effe3
1148 2158 1199 2206 &
1221 2173 1246 2205 a
1255 2158 1600 2221 fignificatione
1636 2167 1766 2206 terrae
1800 2155 2018 2220 AEgypti,
2054 2155 2205 2259 quod·
2219 2157 2272 2206 fit
2295 2173 2428 2206 mens

440 2223 670 2279 naturalis,
705 2222 764 2269 de
793 2238 884 2286 qua
907 2239 968 2271 n·
995 2192 1140 2286 5276.
1166 2228 1313 2287 5278.
1339 2228 1484 2286 5280
1512 2239 1657 2288 5301.

515 2289 660 2363 5969.
696 2287 759 2336 Et
781 2287 947 2337 defecit
968 2304 1046 2337 cor
1069 2288 1180 2352 ejuS,
1216 2291 1324 2355 quia
1341 2306 1435 2338 non
1457 2290 1654 2339 credidit
1678 2289 1782 2347 illis,
1816 2287 1942 2353 quod
1964 2252 2205 2350 significet·
2211 2288 2427 2354 deficien-

440 2357 558 2406 tiam
590 2356 702 2402 vitae
726 2354 934 2402 naturalis
962 2357 1013 2403 δε
1045 2356 1152 2403 inde
1186 2355 1452 2415 intellectus,
1502 2356 1675 2404 constat
1709 2371 1763 2404 ex
1797 2354 2123 2416 significatione
2144 2355 2311 2406 defecit
2331 2373 2428 2415 cor,

448 2422 574 2488 quod
596 2422 651 2470 fit
673 2420 929 2469 deficientia
950 2423 1078 2479 vitae,
1115 2422 1165 2470 &
1189 2422 1298 2487 quia
1321 2423 1484 2471 dicitur
1505 2423 1563 2470 de
1586 2423 1781 2483 jacobo,
1819 2437 1900 2485 per
1921 2436 2066 2486 quam
2087 2422 2431 2487 repraesentatur

446 2491 624 2538 bonum
643 2487 859 2544 naturale,
893 2503 952 2535 n.
980 2456 1128 2554 5964,
1162 2489 1228 2537 est
1243 2489 1504 2538 deficientia
1527 2490 1641 2538 vitae
1662 2489 1912 2543 naturali33
1947 2487 1996 2535 δε
2021 2502 2080 2535 ex
2102 2488 2427 2553 significatione

447 2572 541 2605 non
558 2553 758 2611 credere,
792 2553 921 2618 quod
945 2553 998 2602 sit
1019 2555 1276 2604 deficientia
1296 2555 1585 2611 ἱηῑεΙΙεᾶυ5,
1620 2554 1745 2619 quod
1760 2553 1936 2602 dicatur
1951 2552 2063 2612 inde,
2098 2555 2163 2603 est
2182 2556 2286 2620 quia
2308 2570 2427 2620 prae-

445 2621 567 2670 cedit
589 2620 765 2683 semper
785 2620 882 2669 vita
902 2635 1010 2684 quae
1031 2621 1297 2681 voluntatis,
1333 2623 1383 2671 ὅτ
1405 2622 1607 2686 sequitur
1628 2621 1725 2669 vita
1749 2619 2019 2679 intelleEtuS,
2054 2622 2183 2669 causa
2204 2620 2289 2679 est,
2321 2622 2429 2685 quia

449 2689 596 2737 solum
614 2686 841 2733 voluntati
866 2686 978 2735 inest
1002 2687 1115 2746 vita,
1151 2704 1244 2736 non
1266 2700 1420 2738 autern
1446 2687 1693 2736 intellectui
1718 2687 1799 2735 nifi
1823 2702 1882 2735 ex
1905 2687 2174 2742 voluntate,
2209 2687 2297 2735 hoc
2316 2703 2428 2735 con-

452 2755 536 2803 stat
558 2770 584 2800 a
607 2753 731 2801 bono
743 2751 868 2817 quod
892 2751 956 2799 est
977 2753 1239 2813 voluntatis&
1274 2756 1326 2804 δε
1347 2771 1374 2803 a
1396 2770 1506 2804 vero
1527 2754 1653 2818 quod
1673 2753 1737 2802 est
1761 2753 2031 2812 intellectuS,
2064 2751 2190 2817 quod
2213 2752 2372 2801 bono
2361 2770 2430 2802 rn-

452 2822 507 2870 fit
530 2821 641 2876 vita,
678 2833 770 2865 non
794 2829 948 2866 autem
973 2834 1083 2868 vero
1107 2820 1190 2869 nifi
1211 2837 1271 2871 ex
1293 2822 1450 2877 bonos
1502 2819 1798 2870 manifestum
1823 2818 1947 2868 enim
1969 2819 2049 2876 est,
2064 2769 2223 2882 qquod
2242 2819 2288 2867 id
2315 2821 2430 2869 sem-

453 2883 901 3023 ffissssssssss‘ffiesss‘essssssss
915 2885 1719 3011 {352228552130355332affigi&
1731 2887 1862 3018 νὲζὲἓ
1866 2883 2283 3016 ..325233535321-
2298 2887 2430 3017 3:323

453 3017 618 3066 defecit
640 3032 719 3065 cor
741 3013 855 3080 ejuS‚
899 3018 1010 3081 quia
1033 3034 1123 3067 non
1146 3020 1341 3068 credidit
1361 3020 1465 3070 illis.

520 3099 666 3146 5970.
701 3082 766 3130 Et
788 3081 966 3147 loquuti
989 3082 1092 3133 sunt
1113 3086 1172 3133 ad
1194 3086 1324 3135 illum
1343 3089 1500 3136 omnia
1515 3085 1651 3134 verba
1671 3081 1862 3148 Josephi
1878 3097 1987 3148 quae
2003 3081 2219 3148 loquutus
2236 3084 2292 3133 ad
2311 3085 2431 3144 illos,

454 3150 580 3213 quod
599 3147 821 3211 significet
844 3149 1068 3199 influxum
1092 3167 1149 3199 ex
1169 3152 1342 3201 coelesti
1366 3151 1622 3216 spiritualis,
1656 3149 1830 3198 constat
1845 3163 1902 3197 ex
1925 3149 2254 3210 significatione
2275 3152 2428 3218 loqui,

452 3215 582 3282 quod
605 3215 658 3264 fit
680 3214 893 3274 influxus,
928 3216 987 3265 de
1007 3231 1095 3282 qua
1117 3234 1178 3268 n·
1208 3233 1355 3286 2951.
1381 3221 1527 3281 5481.
1554 3231 1723 3284 5797,
1772 3217 1824 3267 &
1846 3230 1905 3265 ex
1926 3216 2319 3332 repraesentatioqe
2340 3220 2429 3332 le·

2275 3299 2356 3353 ep
2393 3301 2427 3343 1,
