2566 3640
430 214 739 303 CAPUT
786 169 1653 315 QUADRAGESIMUM
1682 215 2088 290 NONUM..
2134 241 2281 315 437

343 344 496 410 5358,
543 341 793 401 Maledista
817 345 882 397 ira
904 355 1066 389 eorum
1098 339 1207 409 quia
1243 332 1507 394 vehemens,
1559 337 1688 403 quod
1729 338 1953 403 significet
1991 343 2272 394 averfionem

272 425 464 473 gravem
486 426 514 459 a
536 410 662 460 bono
683 410 734 459 &
757 406 865 458 inde
886 407 1256 463 damnationem,
1290 405 1465 454 constat
1487 421 1516 453 a
1538 403 1866 469 significatione
1905 407 2113 456 maledici
2141 414 2274 477 quod·

269 479 324 529 fit
345 476 601 534 damnatio,
637 491 745 525 nam
784 475 868 542 qui
904 473 1171 528 malediffius
1201 472 1284 529 est,
1321 473 1356 520 is
1379 472 1620 521 damnatus
1642 472 1742 527 est·‚
1777 473 1828 522 &
1851 489 1909 522 ex
1931 474 2266 537 significatione

269 545 370 602 irae,
403 544 534 611 quod
561 542 616 592 fit
638 542 853 592 averfioa
874 543 1020 600 bono,
1054 541 1113 590 de
1135 556 1225 607 qua
1247 555 1303 588 n:
1328 553 1442 604 357.
1476 554 1624 603 5034.
1651 544 1797 604 5798.
1827 540 1976 605 6356,
2013 542 2076 590 ita
2099 544 2163 593 ira
2189 561 2271 595 ve·

269 610 477 670 hemens,
512 610 578 661 est
598 611 771 659 averiio
794 609 963 675 gravis.
1805 617 1813 623 '

336 677 486 743 6359.
523 677 588 728 Et
609 676 980 726 excandescentia
1013 688 1175 724 eorum
1200 672 1309 740 quia
1332 673 1465 730 dura,
1519 675 1648 738 quod
1675 673 1895 739 significet
1931 677 2212 727 aversionem
2236 695 2270 728 a

266 751 379 792 vero
403 744 529 803 inde,
566 745 697 810 quod
714 744 1000 799 confirmata,
1037 741 1210 790 constat
1228 758 1252 789 a
1273 741 1600 805 significatione
1624 741 2025 800 excandescentiae,
2061 747 2188 809 quod
2210 749 2266 796 sit

265 811 438 859 averfio
460 809 486 859 a
510 827 657 866 ver03
705 811 835 876 quod
870 807 1241 858 excandescentia
1279 807 1555 872 praedicetur
1589 807 1649 854 de
1685 824 1815 864 vero,
1867 809 2005 857 &ira
2036 811 2095 858 de
2120 814 2272 873 bono„

265 877 478 926 videatur
502 895 560 926 n:
587 878 720 943 3614
739 897 756 931 ·,
790 877 842 925 δε
866 892 924 924 ex
946 874 1280 938 significatione
1317 875 1465 930 durae,
1500 875 1629 938 quod
1655 875 1708 922 fit
1729 875 2017 934 confirmata,
2054 894 2158 927 narn
2184 880 2265 928 fal-

265 944 369 994 sum
405 944 535 1010 quod
569 943 892 996 confirmatum
923 940 1004 999 est,
1056 938 1203 1005 usque
1225 939 1280 988 ad
1307 939 1656 1003 persuasionem,
1692 940 1781 987 hoc
1804 941 1972 989 durum
1997 943 2096 998 est;
2132 949 2262 1010 quod

261 1011 433 1059 durum
458 1010 528 1066 fit,
555 1009 663 1057 scire
683 1008 846 1059 datum
869 1008 935 1059 est
951 1010 1010 1056 ab
1032 1006 1331 1070 experientia,
1370 1020 1532 1055 verum
1555 1008 1679 1054 enirn
1704 1023 1760 1056 ex
1784 1007 1908 1056 bono
1930 1011 2048 1072 apud
2075 1012 2265 1075 spiritus>

263 1079 316 1127 &
337 1075 460 1140 apud
483 1076 670 1141 angelos
692 1086 879 1141 apparet
895 1075 946 1122 ὅτ.
969 1073 1137 1126 sistitur
1158 1085 1212 1121 ut
1235 1072 1394 1130 molle,
1429 1085 1477 1120 at
1498 1072 1664 1122 falsum
1687 1089 1744 1122 ex
1767 1075 1891 1122 malo
1913 1089 1966 1122 ut
1990 1076 2181 1137 durum,
2208 1083 2265 1129 &⁹

261 1159 319 1197 eo
341 1143 518 1200 durius,
567 1158 664 1206 quo
696 1143 847 1206 magis
871 1140 1034 1188 falsum
1064 1155 1122 1188 ex
1150 1139 1273 1188 malo
1296 1139 1361 1187 est
1383 1139 1707 1188 confirmatum
1731 1162 1745 1195 3
1779 1156 1887 1188 cum
1914 1157 1994 1206 per
2015 1147 2262 1195 confirma-

262 1211 440 1258 tionem
462 1226 489 1257 a
514 1207 669 1258 multis
691 1207 953 1274 persuasum
976 1206 1059 1263 est,
1095 1218 1208 1255 tunc
1230 1205 1399 1254 durum
1424 1206 1535 1254 iliud
1559 1220 1747 1272 apparet
1770 1206 1835 1255 ibi
1860 1221 1909 1255 ut
1931 1209 2102 1259 durum
2127 1215 2257 1262 offis:

262 1277 351 1326 tale
374 1277 544 1325 durum
563 1275 628 1326 est
645 1291 830 1340 quoque
853 1273 999 1323 fimile
1021 1274 1136 1322 duro
1154 1273 1200 1321 in
1220 1273 1415 1330 mundo,
1450 1275 1498 1321 in
1518 1289 1575 1322 eo
1593 1274 1719 1339 quod
1744 1274 1944 1322 reflectat
1958 1276 2104 1326 radios
2122 1279 2264 1344 luci53,

261 1344 324 1392 ita
347 1360 456 1392 cum
479 1344 592 1391 Lux
624 1342 735 1390 coeli
757 1358 784 1390 a
807 1341 1018 1390 Domino
1042 1339 1206 1389 incidit
1237 1339 1284 1388 in
1320 1339 1491 1387 durum
1517 1357 1575 1388 ex
1610 1340 1720 1388 falso
1743 1357 1769 1388 a
1794 1341 1935 1399 malo,
1989 1345 2257 1406 reflectitur,

261 1410 456 1460 vicissim
479 1421 638 1460 autem
659 1425 764 1458 cum
790 1409 873 1458 lux
896 1407 1006 1457 coeli
1032 1423 1058 1456 a
1080 1405 1291 1456 Domino
1314 1406 1474 1456 incidit
1497 1407 1544 1455 in
1563 1407 1703 1455 molle
1726 1422 1784 1456 ex
1802 1423 1912 1456 vero
1928 1424 1954 1467 a
1970 1409 2112 1470 bono,
2147 1426 2267 1463 tunt:

259 1493 346 1526 reci
386 1490 493 1527 rtur.

330 1493 476 1611 6260.
514 1542 741 1605 Dividam
779 1541 936 1594 cosin
972 1540 1167 1607 Jacob0,
1203 1539 1330 1605 quod
1365 1539 1592 1604 significet
1630 1540 1758 1606 quod
1783 1557 1807 1588 a
1831 1543 2026 1592 natural-i
2061 1544 2254 1596 homine

259 1610 622 1668 exterminanda,
658 1609 834 1657 constat
856 1623 882 1656 a
903 1608 1234 1671 significatione
1251 1606 1477 1664 dividere,
1515 1608 1642 1672 quod
1668 1608 1719 1656 fit
1743 1607 1962 1672 separatio
1984 1611 2034 1660 &
2057 1616 2267 1663 remotio

258 1694 288 1726 a
312 1692 420 1725 vero
443 1678 494 1726 ὅτ.
517 1677 660 1734 bono,
697 1675 755 1724 de
787 1681 879 1741 qua
900 1691 959 1722 n:
984 1689 1139 1735 4424,
1189 1675 1251 1722 ita
1287 1674 1639 1729 exterminatiQ
1675 1675 1725 1721 &
1762 1690 1820 1722 ex
1856 1679 2255 1740 repraesentatione

260 1744 444 1810 Jacobi,
479 1745 607 1809 quod
626 1743 680 1791 fit
702 1741 915 1792 naturalis
938 1740 1014 1788 seu
1039 1755 1251 1790 externus
1275 1740 1438 1798 homo,
1472 1741 1532 1789 de
1555 1757 1647 1806 qua
1671 1758 1699 1788 n
1719 1758 1730 1789 :
1758 1757 1904 1807 3305.
1933 1744 2077 1810 3576.
2101 1749 2257 1807 4286*

297 1826 322 1858 2
366 1829 410 1860 2.
529 1826 576 1857 ο.
600 1810 659 1858 62
702 1810 747 1859 6.

259 1829 292 1873 4
327 1827 576 1943 236i.57Et
597 1826 860 1940 disgergam
883 1890 960 1924 eos
985 1873 1029 1922 in
1054 1873 1224 1931 Israele,
1260 1874 1388 1939 quod
1415 1873 1642 1938 significet
1661 1874 1790 1938 quod
1815 1891 1841 1923 a
1866 1875 2104 1941 spirituali,
2139 1897 2255 1932 con.

259 1942 341 1991 stat
375 1959 399 1990 a
441 1943 771 2007 significatione
812 1941 1092 2009 dispergere,
1142 1941 1267 2006 quod
1303 1942 1442 1989 etiam
1479 1941 1533 1989 fit
1571 1942 1911 1999 exterminatio,
1961 1943 2054 2010 sed‘
2081 1947 2255 2014 disper-

256 2025 365 2074 gere
409 2010 707 2074 distinguitur
747 2025 772 2057 a
815 2008 1038 2066 dividere,
1091 2008 1218 2074 quod
1256 2008 1345 2056 hoc
1370 2007 1648 2074 praedicetur
1671 2007 1728 2054 de
1754 2008 1960 2057 Externo
1984 2010 2172 2062 homine
2196 2032 2259 2064 ac

256 2078 316 2123 de
336 2091 462 2133 vero,
501 2077 614 2124 illud
634 2089 787 2124 autem
807 2075 864 2123 de
882 2075 1069 2123 Interno
1091 2091 1142 2124 ac
1166 2074 1223 2122 de
1247 2074 1372 2123 bono
1392 2096 1407 2130 3
1441 2074 1567 2139 quod
1593 2075 1741 2137 Jacob
1764 2077 2051 2139 repraefentet
2075 2087 2251 2130 natura-

256 2142 349 2190 lem
370 2146 441 2192 seu
459 2142 721 2191 Externum
741 2142 1000 2200 hominem,
1037 2142 1086 2191 &
1110 2140 1239 2190 Israel
1265 2141 1543 2204 spiritualem
1569 2141 1641 2188 seu
1662 2142 1919 2200 Internum,
1956 2144 2163 2195 videatur
2184 2166 2212 2197 n
2234 2167 2248 2198 ς

258 2210 406 2270 4286.
427 2226 576 2274 4292.
604 2225 754 2274 4570.
829 2209 972 2274 Qod
989 2204 1103 2265 haec,
1139 2223 1247 2272 quae
1269 2209 1327 2255 ab
1352 2208 1509 2265 Israele
1532 2207 1589 2254 de
1608 2208 1883 2257 Schimeone
1907 2211 1957 2258 δε
1977 2212 2098 2260 Levi
2121 2214 2250 2265 dieta

256 2276 375 2334 sunt,
411 2288 513 2325 tum
537 2292 644 2341 quae
671 2277 730 2329 de
753 2276 992 2332 Reubene‚
1029 2291 1119 2325 non
1144 2275 1404 2338 significent
1429 2274 1550 2331 talia,
1587 2291 1694 2339 quae
1718 2275 1900 2338 posteris
1924 2277 2108 2327 illorum
2134 2298 2250 2330 con-

254 2343 484 2405 tingerent
507 2342 552 2390 in
580 2343 888 2407 postremitate
912 2342 1110 2399 dierum,
1161 2357 1213 2389 ut
1236 2341 1403 2389 dicitur
1425 2341 1565 2388 Vers:
1597 2360 1638 2398 1,
1691 2342 1893 2390 constare
1919 2345 2066 2407 potest
2088 2363 2145 2394 ex
2169 2366 2250 2407 eo,

254 2409 383 2474 quod
401 2425 495 2457 non
512 2409 677 2474 posteri
695 2426 752 2457 ex
770 2408 1042 2458 Schimeone
1061 2410 1110 2457 δε
1130 2424 1187 2457 ex
1205 2408 1323 2456 Levi
1339 2408 1566 2455 maledicti
1589 2407 1771 2463 fuerint,
1807 2425 1858 2457 ac
1882 2411 2015 2458 divifi
2041 2412 2083 2459 in
2104 2415 2245 2476 Jaco-

255 2476 318 2523 bo
336 2476 387 2524 δε
404 2475 648 2539 disperfiin
678 2476 853 2531 Israele,
892 2491 997 2524 narn
1024 2476 1194 2523 Tribus
1220 2474 1503 2522 Schimeonis
1527 2476 1642 2522 inter
1666 2475 1854 2538 reliquas
1880 2477 2051 2525 Tribus
2077 2481 2166 2527 fuit
2192 2484 2245 2533 fi-

252 2555 328 2591 cut
351 2557 442 2589 una
467 2542 666 2599 illarum,
718 2543 767 2591 &
793 2542 962 2590 Tribus
984 2541 1104 2588 Levi
1129 2541 1245 2588 faCta
1268 2541 1330 2588 est
1355 2541 1671 2597 sacerdotium,
1725 2541 1784 2588 ita
1820 2544 1968 2605 potius
2005 2546 2245 2597 benedicta

250 2624 392 2672 quam
419 2607 696 2663 maledicta3
746 2610 911 2672 pariter
934 2608 1106 2655 Tribus
1126 2607 1374 2663 Reubenis‚
1427 2623 1535 2681 quae
1558 2623 1746 2671 quoque
1771 2609 1867 2657 aliis
1884 2610 2120 2660 Tribubus
2145 2618 2246 2663 non,
2346 2662 2351 2666 ,

253 2675 394 2723 vilior
417 2675 541 2729 fuit;
594 2675 700 2721 inde
724 2674 961 2724 manifeste
989 2686 1128 2737 patet,
1180 2673 1305 2737 quod
1331 2690 1439 2738 quae
1463 2690 1507 2720 in
1532 2674 1620 2720 hoc
1644 2674 1806 2737 Capite
1838 2677 1895 2722 de
1926 2677 2030 2724 filiis
2054 2680 2244 2741 Jacobi,

250 2742 363 2806 quid
390 2741 479 2788 illis
505 2740 549 2787 in
575 2740 890 2804 postremitate
927 2741 1106 2787 dierum
1140 2741 1441 2803 contingeret,
1491 2741 1614 2786 dicta
1641 2740 1755 2797 sunt,
1794 2757 1891 2788 non·
1909 2743 1995 2790 sint
2019 2761 2129 2810 quae
2154 2748 2245 2796 illis.

251 2809 356 2872 ipsis
371 2807 702 2871 contingerent,
728 2806 800 2854 sed
825 2824 934 2871 quae
958 2808 1040 2856 illis
1066 2806 1147 2871 qui
1175 2807 1219 2853 in
1245 2805 1368 2854 sensu
1397 2809 1573 2854 interno
1599 2823 1767 2869 percos
1793 2809 2137 2872 intelliguntur3
2164 2815 2247 2863 hie

249 2874 366 2940 quid
385 2874 473 2923 illis
497 2875 576 2938 qui
603 2873 647 2921 in
673 2873 762 2922 fide
788 2874 978 2936 separata
1003 2890 1027 2920 a
1050 2873 1261 2921 charitate
1297 2873 1398 2920 sunt
1422 2895 1439 2929 3
1473 2890 1579 2922 nam
1606 2875 1651 2919 hi
1678 2892 1757 2938 per
1777 2876 2068 2935 Reubenern‚
2105 2881 2237 2929 Schi-

248 2957 465 2990 meonem
490 2942 540 2989 ὅτ
567 2939 687 2988 Levi
712 2939 786 2986 hic
812 2940 857 2987 in
883 2939 1006 2987 sensu
1033 2939 1208 2988 interno
1243 2939 1591 3005 intelliguntur:
1633 2941 1736 2986 inde
1762 2941 1995 2990 manifeste
2033 2947 2237 2995 constare

245 3008 413 3071 potest,
449 3007 576 3073 quod
602 3005 747 3055 sensus
781 3006 978 3054 internus
1002 3006 1143 3054 Verbi
1169 3005 1238 3062 sit,
1289 3007 1370 3069 qui
1405 3025 1497 3055 non
1534 3020 1720 3070 apparet
1745 3010 1790 3054 in
1814 3009 1957 3067 litera,
1994 3028 2077 3060 nec
2100 3015 2236 3064 alicui

246 3074 328 3122 nisi
353 3075 455 3122 sciat
476 3072 891 3136 correspondentias
930 3073 1199 3120 naturalium
1236 3088 1346 3121 cum
1384 3073 1701 3138 spiritualibu5‚
1754 3076 1805 3123 δε
1827 3078 1907 3140 qui
1932 3081 2109 3141 prorsus
2135 3099 2234 3131 non.

241 3153 428 3206 appatet
449 3140 490 3190 ei
514 3141 595 3206 qui
620 3157 712 3190 non
736 3140 819 3188 scit
849 3140 962 3206 quid
999 3138 1227 3204 spirituale
1252 3139 1300 3185 δι
1325 3142 1437 3204 quid
1462 3141 1660 3189 coeleste.

310 3207 458 3273 6362.
492 3208 636 3276 Yers:
663 3211 705 3258 8.
730 3223 777 3274 9.
812 3225 889 3260 10.
919 3225 991 3259 11.
1025 3223 1098 3258 112.
1167 3204 1371 3273 Jehudah
1395 3219 1462 3270 tu,
1487 3208 1752 3260 celebrabunt
1778 3220 1819 3260 te
1829 3215 2000 3277 fratres
2023 3217 2104 3274 tui,
2142 3233 2232 3264 mav-

2149 3300 2234 3334 nus
