2566 3640
302 158 429 243 318
650 159 709 228 G
846 156 915 230 E
1045 158 1146 231 N‘
1263 159 1374 234 E'
1463 161 1563 232 S..
1646 157 1698 235 I
1790 152 1932 235 δεμ
2026 150 2193 229 έζς

366 288 510 358 ρο37.
561 287 810 355 Postquam
847 289 945 338 vidi
979 288 1113 337 facies
1145 301 1259 349 tuas,
1294 291 1423 356 quod
1459 291 1681 355 significet
1715 293 1817 358 post
1855 292 2267 359 apperceptionem‘

299 350 644 413 Misericordiae‚
676 356 847 404 constat
877 372 904 403 a
936 355 1263 418 significatione
1300 358 1471 415 videre,
1505 359 1634 424 quod
1668 359 1723 407 fit
1743 360 2050 425 apperceptiO,
2085 361 2143 408 de
2174 374 2267 428 qua

302 416 430 481 supra
452 436 512 466 n:
538 422 663 485 6032
689 443 704 476 ς
738 423 789 470 &
811 438 838 470 a
861 421 1189 486 fignificatione
1227 422 1463 482 facierum,
1497 435 1604 472 cum
1639 425 1938 489 praedicantur
1959 427 2017 475 de
2038 427 2265 488 Domino,

299 485 430 546 quod
459 486 510 535 lit
533 488 860 543 Misericordia,
895 489 954 535 de
976 502 1065 550 qua
1085 502 1145 534 n:
1173 503 1283 536 222.
1311 504 1425 552 223.
1449 493 1591 553 5585.
1615 492 1760 552 5816.
2152 492 2154 494 ’

371 550 515 613 6038.
552 554 692 618 Qod
726 554 877 600 adhuc
908 552 1057 610 vivaS,
1091 554 1219 619 quod
1242 555 1464 618 significet
1488 556 1826 620 perceptionem
1858 557 1982 611 vit‘ae.
2001 560 2106 608 inde
2129 562 2175 608 in
2198 561 2268 621 se,

301 616 473 664 constat
503 634 558 664 ex
593 618 919 680 significatione
951 620 1120 677 vivere,
1156 619 1282 684 q'uod
1306 621 1362 668 fit
1384 621 1428 668 in
1451 620 1774 670 sensu‘interno
1794 624 1890 669 vita
1911 624 2168 688 spiritualiS,
2198 645 2263 676 n:

309 685 468 744 58903
504 687 630 746 quod
671 685 948 746 significetur
983 690 1217 749 perceptio
1254 687 1373 734 illius
1393 689 1505 734 vitae
1529 689 1575 735 in
1599 687 1659 745 se,
1695 688 1900 752 sequitur
1921 705 1978 737 ex
2001 694 2265 744 anteceden-

304 749 440 802 tibus,
475 749 602 812 quod
627 766 793 813 nempe
815 751 857 796 ei
893 765 1009 799 nova
1041 754 1136 799 vita
1170 768 1228 799 ex
1260 752 1434 802 influxu
1469 755 1520 802 &
1550 752 1887 818 conjunctione,
1923 771 1984 801 n:
2011 757 2180 819 60363
2214 762 2265 807 ὅτ

304 827 360 886 ex
379 813 618 925 pffectione
640 815 795 880 gaudii
817 816 947 880 quod
970 818 1147 866 videret
1170 817 1318 878 illum,
1352 819 1432 868 illa
1463 819 1644 868 affectio
1673 820 1750 870 dat
1784 820 2124 885 perceptionem
2155 824 2266 873 vitae

305 894 352 924 in
396 895 435 927 e.
1910 905 1913 908 >
2140 911 2142 913 ,

377 945 519 1009 6039.
557 947 693 997 Vers:
723 965 802 1010 31.
820 967 898 1014 32.
920 968 945 1015 3
954 968 997 1015 3.
1020 967 1100 1016 34,
1151 954 1215 1001 Et
1229 951 1337 1000 dixit
1355 954 1509 1018 Joseph
1533 953 1593 1002 ad
1608 953 1772 1020 fratres
1789 955 1910 1013 ficos,
1946 952 2002 1002 δέ’
2023 952 2085 1001 ad
2102 953 2269 1002 domum

301 1015 445 1072 patris
473 1016 560 1074 sui,
594 1014 808 1067 ascendam
847 1017 904 1066 Β
936 1017 1129 1067 indicabo
1150 1020 1386 1076 Pharaoni,
1420 1020 1476 1070 ἐφ’
1497 1019 1633 1068 dicam
1671 1018 1731 1067 ad
1751 1018 1884 1075 illum,
1912 1020 2089 1082 fratres
2112 1023 2194 1067 mei
2206 1020 2272 1071 ’ἔθ’

305 1077 450 1127 domus
465 1084 607 1142 patris
629 1083 724 1137 mei,
746 1084 816 1144 qui
836 1086 882 1131 in
903 1092 1025 1131 terra
1049 1085 1246 1142 canaan,
1269 1095 1477 1133 venerunt
1497 1086 1557 1133 ad
1577 1101 1654 1132 me.
1726 1086 1789 1132 Et
1802 1086 1896 1131 viri
1906 1085 2090 1147 pastores
2102 1089 2270 1150 gregis,
2288 1085 2291 1086 ⁷

307 1147 407 1206 quia
429 1149 519 1194 viri
535 1149 694 1210 pecoris
721 1148 825 1209 sunt
845 1170 859 1203 ;
893 1148 950 1198 ἐξ
964 1165 1116 1214 greges
1127 1152 1243 1213 suos,
1279 1150 1335 1199 ΕΒ
1356 1160 1552 1199 armenta
1564 1152 1668 1213 sua,
1706 1150 1761 1198 &
1781 1151 1918 1197 omnia
1942 1166 2034 1213 quae
2055 1151 2155 1208 illis,
2180 1168 2269 1198 ve-

306 1214 400 1259 nire
410 1212 625 1274 fecerunt.
694 1214 758 1260 Et
766 1214 848 1274 stt,
868 1215 977 1279 quod
995 1226 1117 1265 vocet
1138 1232 1213 1265 vos
1236 1217 1432 1274 Pharao,
1468 1216 1524 1266 &³
1546 1217 1663 1264 dicat
1693 1214 1796 1279 quid
1831 1227 1959 1277 opera
1981 1216 2136 1275 vestra.
2206 1219 2269 1267 Et

306 1276 474 1334 dicatis,
508 1282 604 1327 viri
617 1281 782 1340 pecoris
802 1282 1121 1344 fueruntservi
1143 1284 1207 1330 tui
1242 1298 1270 1328 a
1301 1285 1505 1345 pueritiis
1533 1283 1641 1344 fitis,
1677 1281 1734 1330 δέ
1757 1282 1879 1343 usque
1900 1280 1960 1329 aa'
1979 1297 2103 1337 nunc,
2142 1284 2272 1330 etiam

307 1361 380 1393 nos
402 1348 529 1394 etiam
549 1355 697 1407 patres
718 1346 862 1406 nostri,
894 1357 1118 1410 propterea
1140 1358 1189 1396 ut
1209 1347 1410 1397 habitetis
1429 1351 1473 1396 in
1496 1358 1616 1396 terra
1636 1347 1855 1409 'Goschen3
1891 1349 1992 1411 quia
2013 1347 2277 1396 abominatio

307 1414 614 1474 AEgyptiorum
634 1413 766 1459 omnis
795 1413 938 1474 pastor
949 1416 1111 1477 gregis.
1181 1413 1248 1462 Et
1283 1413 1404 1462 dixit
1428 1414 1601 1478 Joseph
1639 1414 1694 1460 ad
1721 1413 1868 1461 fratres
1898 1413 2012 1469 suos,
2048 1414 2275 1478 fignificat

305 1479 649 1544 perceptionem
673 1492 887 1526 verorum
914 1479 958 1525 in
981 1479 1168 1528 naturali
1183 1497 1198 1525 .·
1233 1480 1282 1528 δε
1305 1480 1361 1528 ad
1376 1480 1567 1527 domuin
1601 1480 1737 1542 patris
1761 1479 1844 1535 sui,
1881 1479 2104 1541 fignificat
2126 1480 2275 1528 bono·

306 1562 411 1593 rum
438 1545 526 1591 ibi:
561 1544 794 1592 ascendam
817 1546 868 1591 ὅτ.
891 1544 1103 1593 indicabo
1125 1545 1363 1601 Pharaoni,
1397 1545 1622 1608 fignificat
1659 1545 2126 1593 communicationem
2165 1561 2271 1594 cum

309 1610 518 1659 Naturali
551 1610 630 1658 ubi
663 1607 901 1657 scientifica
923 1609 1168 1659 Ecclesiae:
1205 1611 1256 1658 ὅτ
1273 1611 1419 1659 dicam
1445 1610 1503 1659 ad
1527 1610 1678 1665 illuni,
1714 1608 1866 1656 fratres
1889 1610 1997 1666 mei,
2032 1611 2083 1658 δε
2105 1611 2275 1659 domus

309 1678 448 1742 patris
471 1676 581 1733 mei,
616 1674 698 1740 qui
720 1674 767 1722 in
790 1685 905 1722 terra
929 1675 1129 1734 Canaan,
1155 1689 1374 1725 venerunt
1394 1675 1452 1723 ad
1475 1691 1568 1731 me,
1605 1674 1825 1736 fignificat
1847 1675 1903 1722 de
1926 1674 2041 1722 veris
2065 1677 2115 1723 δε
2139 1677 2271 1723 bonis

286 1741 545 1806 Ecclesiae,
581 1740 706 1806 quod
733 1739 991 1793 initianda:
1011 1743 1062 1790 δε
1085 1741 1169 1788 viri
1192 1740 1388 1805 pastores
1418 1742 1586 1805 gregis,
1624 1739 1842 1802 fignificat
1865 1739 1990 1805 quod
2012 1741 2182 1789 ducant
2215 1742 2275 1790 ad

310 1812 483 1859 bonum
505 1826 516 1855 :
552 1807 662 1871 quia
683 1806 767 1853 viri
793 1808 962 1869 pecoris
985 1807 1103 1865 sunt,
1137 1807 1358 1869 fignificat
1378 1806 1506 1872 quod
1531 1807 1618 1853 illis
1643 1806 1816 1854 bonum
1839 1822 1898 1858 ex
1918 1806 2037 1854 veris
2059 1823 2070 1852 ε
2107 1807 2157 1854 ὅτ
2174 1821 2277 1868 gre-

308 1893 390 1938 ges
414 1875 530 1931 suOS,
565 1875 615 1922 δε
637 1883 838 1921 armenta
860 1872 952 1929 sua,
986 1875 1038 1921 δε
1054 1874 1211 1921 omnia
1233 1889 1342 1937 quae
1365 1872 1468 1929 illis,
1495 1873 1644 1920 venire
1664 1869 1882 1927 fecerunt,
1907 1871 2127 1935 fignificat
2151 1873 2280 1937 quod

309 1945 489 1991 bonum
514 1939 697 1988 interius
735 1940 785 1987 ὅτ,
808 1940 1022 1996 exteriuS,
1056 1939 1349 2003 &quicquid
1385 1938 1489 1985 inde
1528 1937 1608 1993 est,
1646 1937 1836 2001 praesens
1859 1938 1938 1984 sit:
1975 1937 2023 1984 ὅτ
2057 1938 2111 1985 sit
2149 1941 2279 2002 quod.

306 2020 444 2056 ‘vocet
470 2022 549 2054 vos
571 2005 761 2061 Pharao,
797 2004 1022 2067 fignificat
1043 2005 1078 2054 si
1094 2003 1309 2070 conjungi
1334 2004 1448 2052 velit
1473 2005 1670 2051 naturale
1694 2004 1739 2050 iri
1777 2020 1872 2067 quo
1912 2002 2149 2050 scientifica
2184 2004 2278 2052 Ec-

311 2074 458 2124 cleliae
477 2090 487 2120 :
539 2073 591 2121 δε
612 2071 732 2119 dicat
754 2070 866 2136 quid
889 2085 1023 2134 opera
1046 2071 1208 2127 vestra,
1234 2071 1452 2134 fignificat
1475 2071 1524 2118 ὅτ
1548 2070 1652 2117 scire
1674 2069 1820 2116 vestra
1843 2069 1990 2116 bona:
2025 2070 2076 2117 ὅτ
2098 2069 2275 2128 dicatis,

311 2141 400 2189 viri
424 2138 598 2203 pecoris
620 2136 805 2185 fuerunt
828 2134 941 2184 servi
965 2137 1030 2186 tui
1046 2152 1071 2183 a
1088 2136 1289 2200 pueritiis
1306 2135 1411 2192 suis,
1446 2137 1496 2184 δε
1517 2135 1653 2200 usque
1670 2136 1726 2182 ad
1744 2151 1877 2192 nunc,
1913 2133 2133 2197 fignificat
2149 2137 2278 2200 quod

313 2223 421 2254 vera
442 2221 499 2253 ex
521 2204 688 2269 quibus
711 2203 882 2251 bonum
907 2202 993 2249 illis
1023 2219 1048 2250 a
1079 2202 1306 2266 principio
1338 2203 1389 2250 ὅτ
1414 2202 1587 2250 adhuc:
1643 2203 1781 2249 etiam
1823 2216 1921 2257 nos,
1954 2200 2092 2248 etiam
2113 2215 2279 2264 patres

314 2272 470 2328 nostri,
507 2270 729 2333 significat
761 2268 887 2332 quod
920 2267 983 2316 ita
1013 2285 1040 2316 a
1078 2269 1238 2333 primis
1266 2269 1438 2331 bonis:
1489 2279 1723 2333 propterea
1752 2278 1801 2314 ut
1833 2265 2042 2315 habitetis
2077 2267 2122 2325 in
2145 2280 2278 2317 zerra

316 2338 541 2393 Goschen,
578 2335 797 2397 significat
821 2334 881 2381 ita
903 2334 988 2381 erit
1010 2334 1141 2381 statio
1175 2333 1320 2382 vestra
1342 2334 1388 2380 in
1414 2333 1568 2382 medio
1591 2333 1780 2381 naturali
1806 2332 1884 2380 ubi
1906 2329 2158 2381 Scient'fica
2182 2333 2276 2383 Eo.

310 2404 488 2453 clefiae:
541 2403 649 2466 quia
683 2399 962 2448 abominatio
1001 2400 1330 2462 AEgyptiorum
1369 2399 1521 2447 omnis
1559 2400 1711 2462 pastor
1741 2399 1911 2461 gregis,
1961 2349 2181 2462 fignificat
2219 2401 2280 2448 fic

314 2471 640 2535 separationem
658 2483 686 2514 a
711 2465 962 2514 scientificis
1000 2466 1231 2529 perversis,
1268 2481 1375 2529 quae
1410 2465 1618 2529 opposita
1639 2464 1740 2519 sunt
1760 2463 2014 2512 scientificis
2047 2459 2280 2518 Ecclesrae:

383 2538 529 2596 6040.
569 2534 631 2581 Et
653 2532 769 2581 dixit
790 2530 967 2595 Joseph
986 2531 1044 2578 ad
1069 2530 1221 2579 fratres
1247 2531 1363 2587 suos,
1398 2531 1525 2596 quod
1547 2530 1767 2593 significet
1790 2529 2130 2593 perceptionem
2151 2545 2280 2579 vero-

314 2620 418 2651 rum
451 2601 497 2649 in
531 2597 735 2654 naturali,
768 2597 940 2646 constat
960 2614 987 2645 a
1008 2597 1336 2661 fignificatione
1374 2597 1538 2653 dicere,
1569 2596 1694 2661 quod
1730 2596 1782 2644 sit
1814 2596 2061 2660 perceptio,
2095 2596 2154 2643 de
2185 2610 2279 2660 qua

315 2671 479 2733 saepius
506 2688 522 2722 ς
558 2682 582 2713 a
604 2663 992 2728 repraesentatione
1015 2663 1230 2711 fiiliorum
1256 2662 1439 2719 Israelis,
1473 2663 1597 2728 quod
1620 2662 1707 2710 fint
1728 2677 1834 2711 vera
1858 2661 2106 2725 spiritualia
2128 2661 2174 2709 in
2199 2677 2280 2710 na-

314 2736 462 2791 turali,
499 2735 556 2781 de
578 2748 668 2795 qua
691 2747 719 2778 n
742 2747 752 2777 ε
776 2745 921 2793 5414.
946 2732 1072 2792 5879
1095 2750 1108 2784 ;
1143 2730 1194 2779 &
1216 2747 1239 2777 a
1263 2728 1653 2795 repraesentatione
1690 2727 1896 2791 Josephi,
1942 2727 2068 2791 quod
2091 2726 2145 2774 sit
2166 2727 2277 2774 Coe-

312 2801 419 2848 leste
451 2799 705 2854 Internum,
738 2795 798 2843 de
819 2810 988 2859 quan:
1024 2794 1167 2858 5869.
1195 2797 1358 2858 58773
1393 2795 1500 2843 inde
1534 2805 1678 2859 patet,
1709 2793 1837 2859 quod
1862 2808 1942 2857 per
1963 2790 2079 2839 dixit
2099 2791 2272 2856 Joseph

313 2868 370 2914 ad
406 2866 560 2914 fratres
583 2866 699 2919 suos,
735 2860 1014 2923 significetur
1037 2860 1270 2925 perceptio
1299 2875 1511 2910 verorum
1536 2861 1582 2908 in
1607 2858 1792 2910 naturali
1815 2875 1841 2906 a
1863 2857 2050 2906 Coelesti
2073 2856 2271 2910 Interno.

308 2932 454 2996 Quod
476 2947 552 2993 per
570 2930 687 2976 dixit
710 2927 898 2990 Joseph,
932 2942 1023 2973 non
1047 2926 1320 2988 fignificetur
1352 2925 1583 2991 perceptio
1615 2925 1752 2980 illius,
1786 2923 1850 2971 est
1883 2924 1992 2987 quia
2016 2922 2188 2985 Joseph
2212 2925 2278 2974 est

312 2998 564 3049 internum,
601 2996 652 3043 &
684 2992 834 3041 omnis
870 2991 1102 3056 perceptio
1125 2991 1274 3040 influit
1297 3008 1377 3056 per
1398 2993 1630 3041 Internum
1655 2994 1701 3041 in
1725 2989 1978 3038 Externum
2016 2987 2090 3034 seu
2120 2988 2272 3039 Natu·

309 3064 430 3114 rale·‚
469 3060 690 3108 Naturale
729 3058 853 3106 enim
878 3073 934 3105 ex
957 3056 998 3103 se
1023 3057 1194 3120 prorsus
1237 3057 1351 3106 nihil
1390 3057 1596 3122 percipit,
1633 3055 1708 3105 sed
1748 3054 1874 3119 quod
1913 3053 2132 3118 percipiat
2163 3056 2225 3104 est
2247 3071 2273 3106 a

304 3129 445 3193 priori
478 3129 535 3184 se,
574 3126 668 3174 imo
693 3140 772 3173 nec
805 3123 928 3194 prius
963 3122 1157 3187 percipit
1178 3138 1205 3172 a
1227 3123 1285 3181 se,
1323 3123 1395 3173 sed
1418 3125 1476 3172 ab
1496 3122 1647 3172 adhuc
1670 3119 1811 3187 priori
1843 3118 1904 3178 se,
1941 3119 2000 3174 ita
2037 3121 2222 3234 tssndem
2245 3138 2273 3170 a

2096 3201 2272 3246 0m1n0,
