2566 3640
607 190 960 274 *CAPUT
997 152 2047 280 ‚QUINQUAGESIMUM
2192 215 2325 289 519

326 300 384 352 ad
411 301 717 418 v?lun{’atem‚
757 302 1014 353 intellectus
1035 307 1160 353 enim
1179 305 1242 354 est
1260 303 1600 369 receptaculum
1625 306 1737 362 veri,
1781 306 1831 354 &
1855 305 2068 354 voluntas
2090 305 2158 354 est‘
2174 322 2327 371 recep-

330 377 431 418 tacu
452 385 532 418 um
591 371 682 418 oni.

387 436 546 500 6577.
598 435 664 483 Et
685 436 940 485 consolatus
965 436 1078 495 illos,
1130 438 1260 502 quod
1283 437 1506 500 fignificet
1539 437 1680 502 spem,
1715 438 1888 486 constat
1911 453 1969 485 ex
1994 435 2318 502 significatione

327 501 561 559 consolari,
597 502 727 566 quod
749 504 803 551 fit
826 503 974 551 sedare
998 505 1247 568 irrequiem
1279 503 1420 552 animi
1446 504 1538 567 spe,
1573 505 1630 550 de
1652 521 1742 568 qua
1768 521 1824 551 n:
1852 504 1998 566 3610.

397 567 543 631 6578.
580 567 644 615 Et
668 569 884 634 loquutus
907 568 1038 633 super
1053 569 1358 627 emulorum,
1396 570 1523 634 quod
1549 570 1770 632 significet
1793 569 2029 626 fiduciam,
2064 569 2238 637 constat
2255 586 2314 617 ex

328 630 656 696 significatione
678 635 808 700 loqui
832 635 962 699 super
982 651 1077 691 cor,
1113 635 1240 701 quod
1264 636 1315 685 fit
1335 635 1441 683 dare
1466 635 1703 694 fiduciam,
1739 651 1905 699 nempe
1929 652 1985 682 ne
2005 636 2176 700 aliquid
2203 637 2312 684 mali
2333 638 2340 646 '

306 697 419 748 *illis
441 700 655 755 eveniat;
690 702 821 766 loqui
843 701 968 749 enim
991 702 1053 748 est
1077 702 1294 759 influxus,
1330 718 1391 749 n:
1418 717 1561 764 ²951·
1586 719 1734 764 5441.
1757 717 1903 766 5797,
1939 703 1989 750 &
2006 718 2084 749 cor
2100 703 2312 750 voluntas

329 779 400 818 nt
421 779 568 828 2930.
597 769 747 830 3888,
795 768 858 815 ita
882 766 1010 831 loqui
1037 768 1167 832 super
1187 783 1281 824 cor,
1332 767 1397 814 est
1424 768 1624 814 influxus
1649 769 1694 815 in
1714 770 2020 824 voluntatem,
2055 769 2105 815 δε
2128 769 2233 815 inde
2258 769 2312 816 fi-

299 831 303 836 “
325 824 472 879 ducia.
494 870 497 873 .
546 831 621 879 Ex
657 832 726 879 his
765 833 904 880 etiam
940 845 1079 897 patet,
1130 833 1257 898 quod
1293 831 1561 895 conjugium
1585 835 1680 880 veri
1704 834 1827 896 quod
1854 833 1916 879 est
1944 833 2217 891 intellectus,
2258 835 2310 882 ὅτ

327 895 438 945 boni
459 897 587 960 quod
611 897 677 944 est
698 898 963 955 voluntatis,
997 898 1052 946 fit
1074 899 1119 947 in
1143 898 1324 963 singulis
1348 899 1509 954 Verbi,
1563 915 1671 946 nam
1706 898 1922 946 consolari
1958 899 2229 962 praedicatur
2251 901 2310 946 de

326 962 580 1020 intellectu,
614 965 662 1011 δε
684 963 816 1028 loqui
838 962 971 1028 super
981 979 1070 1012 cor
1091 965 1151 1013 de
1173 965 1408 1013 voluntate
1427 985 1442 1018 ς
1490 963 1597 1012 ideo
1618 965 1758 1013 etiam
1780 964 2029 1012 consolatus
2053 965 2153 1012 illos
2178 966 2314 1029 figni-

323 1029 433 1077 ficat
466 1029 631 1093 spem,‘
664 1046 773 1078 nam
806 1030 902 1078 haec
923 1030 987 1078 est
1010 1030 1265 1079 intellefkus
1289 1046 1367 1095 per
1390 1045 1568 1092 verum,
1619 1032 1668 1078 &
1695 1032 1912 1095 loquutus
1934 1029 2064 1094 super
2086 1047 2166 1078 cor
2188 1033 2310 1079 fidu·

310 1094 460 1152 ciam,
513 1111 619 1143 narn
643 1095 742 1144 haec
762 1095 828 1148 est
851 1097 1101 1145 voluntatis
1123 1112 1203 1161 per
1225 1097 1435 1150 bonum·,
1485 1098 1686 1159 genuina
1721 1098 1848 1144 enim
1883 1096 2050 1143 fiducia
2082 1112 2174 1144 non
2210 1097 2307 1145 dari

323 1161 476 1223 potest
497 1161 619 1226 apud
638 1161 769 1220 alim,
805 1179 947 1226 quam
971 1164 1053 1227 qui
1074 1163 1120 1210 in
1141 1163 1265 1211 bono
1282 1161 1506 1210 charitatis
1525 1162 1640 1220 sunt,
1676 1165 1726 1211 &
1740 1163 1936 1226 genuina
1954 1163 2050 1226 spes
2069 1179 2158 1211 non
2182 1164 2309 1228 apud

319 1226 431 1276 alios
453 1243 590 1291 quam
614 1228 696 1292 qui
719 1228 765 1275 in
790 1229 915 1276 bono
938 1229 1062 1277 fidei.

395 1296 539 1355 6579.
577 1294 712 1340 Vers:
738 1309 818 1343 22.
846 1311 921 1358 23.
961 1293 966 1299 ’
994 1296 1059 1342 Et
1074 1294 1291 1344 habitavit
1314 1295 1468 1358 Jofi’ph
1485 1297 1529 1343 in
1551 1295 1752 1359 AEgypto,
1788 1297 1825 1341 is
1851 1294 1904 1344 [9³
1921 1294 2067 1343 domus
2089 1296 2178 1358 ejus
2199 1317 2212 1351 3
2247 1295 2305 1345 &³

322 1360 440 1407 vixit
454 1360 614 1422 Jostph
631 1370 793 1408 eentum
813 1359 867 1409 &³
889 1359 1025 1408 decem
1047 1374 1193 1409 annos:
1229 1363 1294 1409 Et
1318 1361 1428 1409 vidit
1444 1362 1599 1424 Joseph
1615 1360 1969 1423 Ephraimofilt'os
1987 1365 2265 1409 tertianorum
2288 1384 2303 1417 ;

321 1427 452 1472 etiam
470 1425 561 1486 filii
584 1427 783 1483 Machir,
795 1426 885 1485 filii
905 1428 1152 1490 Menaschis
1174 1430 1271 1476 nati
1280 1430 1412 1491 super
1427 1427 1613 1490 genubus
1635 1427 1820 1489 Jofi’phi'.
1893 1427 1956 1474 Et
1981 1429 2200 1475 habitavit
2218 1429 2305 1488 Jo-

320 1490 429 1554 seph
457 1493 500 1538 in
527 1491 758 1556 AEgypto,
810 1493 1030 1555 fignificat
1048 1506 1193 1541 vitam
1218 1493 1565 1542 scientificorum
1606 1493 1826 1540 Eccl'efiae
1841 1494 1903 1540 ab
1924 1493 2140 1541 Interno:
2191 1495 2226 1541 is
2250 1496 2302 1542 δε

320 1557 488 1605 domus
517 1556 626 1623 ejus,
681 1558 902 1619 significat
925 1560 984 1607 ab
1007 1559 1192 1607 Interno
1213 1561 1263 1608 δε
1287 1558 1382 1618 eius
1406 1559 1561 1606 bono:
1612 1559 1661 1605 ὅτ
1697 1560 1816 1605 vixit
1848 1559 2021 1622 Joseph
2044 1564 2227 1608 eentum
2252 1561 2305 1608 ὅτ
2349 1574 2353 1577 ·

319 1623 478 1670 decern
502 1639 657 1680 annos,
710 1624 934 1688 fignificat
956 1625 1118 1672 statum
1142 1627 1192 1673 &
1215 1626 1379 1689 quale:
1430 1626 1480 1673 &
1518 1623 1636 1670 vidit
1672 1624 1846 1687 Joseph
1879 1624 2136 1688 Ephraimo
2165 1627 2304 1673 filiios

319 1690 638 1747 tertianorum,
690 1690 911 1753 fignificat
948 1690 1164 1738 Ecclessae
1202 1691 1567 1739 instaurationem
1591 1691 1742 1752 quoad
1768 1691 2086 1746 intellectuale,
2138 1693 2187 1739 ὅτ
2210 1693 2309 1755 ejus

318 1754 602 1802 derivativa:
655 1756 790 1804 etiam
825 1755 907 1803 filii
933 1756 1135 1818 Machir⁸
1153 1756 1237 1805 filii
1272 1755 1545 1811 Menaschis‚
1598 1755 1819 1816 significat
1842 1759 1892 1803 ὅτ
1916 1758 2070 1820 quoad
2095 1758 2304 1805 volunta-

319 1823 440 1868 rium
464 1822 515 1869 δε
536 1820 628 1884 ejus
650 1821 894 1870 derivitiva
915 1839 924 1868 :
962 1824 1054 1869 nati
1067 1823 1210 1888 ‘super
1239 1822 1446 1885 genubus
1469 1821 1676 1886 Josephi,
1728 1821 1950 1885 fignificat
1981 1823 2106 1887 quod
2129 1840 2153 1870 a
2177 1825 2304 1873 bono

317 1885 564 1949 conjunfio
587 1904 695 1935 cum
718 1904 826 1935 vero
849 1889 908 1935 ab
930 1888 1126 1936 Interno.

387 1954 532 2015 6580.
571 1954 634 2002 Et
657 1954 874 2003 habitavit
889 1955 1061 2018 Joseph
1087 1956 1132 2002 in
1153 1956 1379 2019 AEgypto‚
1398 1956 1525 2020 quod
1544 1955 1765 2018 significet
1782 1956 1926 2002 vitam
1948 1955 2298 2007 scientificorum

317 2019 532 2067 Ecclefiae
554 2020 614 2067 ab
637 2020 836 2076 Interno,
854 2021 1027 2068 constat
1047 2038 1104 2068 ex
1119 2022 1443 2091 significatione
1463 2022 1678 2097 habitare,
1703 2022 1829 2083 quod
1852 2023 1902 2096 sit
1922 2023 2032 2079 vita,
2051 2023 2109 2069 de
2127 2039 2219 2088 qua
2239 2043 2299 2073 ηε

317 2088 644 2215 ἐᾷὲἶὶῗέξζᾼ
663 2087 807 2214 {sgr}
818 2088 1167 2216 ξΐέἑρξῗέί
1179 2086 2301 2222 ..2{⁸2³{sskssssssffissss‘zffieglffi3³¹3a<i³5¹⁰s3¹0&3231

316 2218 401 2264 fica
421 2217 650 2274 Ectlefiae,
685 2218 742 2264 dc
767 2235 857 2282 qua
875 2235 934 2266 n:
958 2234 1105 2282 4749.
1124 2222 1270 2281 4964.
1288 2221 1434 2283 4966.
1464 2221 1608 2279 6024.
1666 2219 1840 2281 Agitur
1867 2220 1910 2267 in
1935 2221 2297 2283 praecedentibus

314 2282 446 2344 hujus
462 2284 636 2346 Capitis
650 2283 707 2331 dc
718 2284 915 2331 Ecclefia
933 2284 1152 2347 spirituali
1170 2285 1447 2332 instauranda
1463 2307 1476 2340 ;
1501 2287 1551 2333 ὅτ
1569 2285 1814 2349 postquam
1831 2285 2086 2344 Externum
2105 2287 2175 2334 scu
2195 2289 2296 2336 Na-

314 2351 458 2397 turale
477 2349 650 2412 prorsus
673 2350 936 2397 submissum
961 2351 1024 2398 est
1044 2351 1229 2398 interno
1249 2351 1321 2399 seu
1344 2352 1595 2415 Spirituali,
1615 2352 1742 2414 quod
1762 2351 2040 2412 significatur
2063 2369 2144 2416 per
2166 2355 2293 2418 quod

316 2415 471 2464 fratres
488 2415 679 2479 Josephi
701 2417 943 2464 ceciderint
965 2433 1119 2464 coram
1144 2418 1364 2480 Joseph0‚
1391 2419 1441 2465 &
1466 2419 1507 2464 se
1530 2418 1776 2464 obtulerint
1800 2418 1842 2463 ei
1876 2417 1919 2464 in
1947 2418 2109 2474 servos,
2144 2421 2298 2482 agitur

312 2499 434 2530 nunc
456 2482 512 2528 de
531 2481 729 2529 Ecclesia
750 2482 823 2529 illa
847 2482 1098 2538 instaurata,
1122 2500 1228 2548 quae
1252 2484 1502 2531 discribitur
1525 2485 1569 2529 in
1590 2482 1658 2529 his
1675 2483 1886 2529 Versibus
1916 2500 1996 2546 per
2020 2485 2144 2547 quod
2164 2488 2295 2548 Jose-

316 2549 433 2611 phus
452 2547 719 2596 habitaverit
743 2547 788 2594 in
808 2548 1036 2611 AEgypw,
1071 2551 1121 2596 ὅτ
1144 2550 1270 2612 quod
1291 2551 1379 2597 nati
1403 2550 1484 2596 sint
1502 2550 1584 2596 filii
1604 2565 1661 2595 ex
1678 2548 1949 2611 Ephraimo‚
1973 2565 2022 2596 ac
2039 2566 2096 2596 ex
2111 2550 2299 2600 Machir

312 2615 409 2663 filio
422 2613 702 2668 ,Menaschia
770 2614 916 2672 Apud
942 2615 1197 2671 hominem,
1233 2617 1314 2679 qui
1337 2614 1402 2662 est
1427 2615 1622 2662 Ecclesia
1642 2614 1900 2678 spiritualiS‚
1935 2615 1998 2661 est
2021 2616 2112 2662 vita
2134 2618 2191 2664 ab
2216 2619 2292 2666 Inu-

227 2717 229 2719 .
312 2694 440 2727 terno
457 2680 509 2726 sin
535 2679 786 2727 scientificis
809 2679 1054 2733 Eccles2ae;
1095 2697 1198 2727 nam
1225 2681 1465 2728 scientifica
1487 2681 1608 2742 apud
1635 2681 1772 2727 illum
1789 2681 2073 2728 subordinata
2098 2683 2216 2738 sunt,
2241 2686 2294 2733 δε

311 2749 357 2794 in
382 2746 518 2792 talem
537 2745 754 2793 ordinem
770 2745 960 2800 redacta,
985 2758 1036 2793 ut
1057 2747 1278 2794 influxum
1300 2747 1405 2792 boni
1427 2748 1476 2794 ὅτ
1495 2748 1594 2793 veri
1612 2746 1831 2809 recipiant
1849 2767 1862 2800 ·,
1887 2747 1946 2794 fic
1968 2754 2021 2793 ut
2040 2748 2124 2795 sint
2143 2766 2299 2815 recep-

312 2813 457 2860 tacula
481 2811 676 2858 influxus
699 2811 755 2857 ab
781 2811 977 2859 interno.
1046 2813 1197 2859 Aliter
1227 2813 1347 2875 apud
1372 2813 1490 2867 ilios,
1545 2811 1623 2874 qui
1655 2828 1746 2859 non
1773 2811 1871 2859 sunt
1900 2811 2115 2868 Ecclesia,
2154 2811 2292 2863 scien-

312 2881 435 2927 tifica
457 2877 580 2940 apud
607 2876 704 2924 illos
729 2877 788 2923 ita
811 2877 1022 2939 disposita
1046 2877 1162 2934 sunt,
1198 2880 1323 2942 quod
1346 2878 1662 2925 confirmantia
1687 2878 1848 2925 verum
1867 2879 1916 2926 δε
1935 2880 2108 2926 bonurn
2129 2880 2292 2945 rejed'ta

312 2948 395 2994 fint
419 2943 473 2990 ad
500 2944 654 2999 latera,
691 2943 757 2989 ita-
768 2955 940 2990 remota
958 2943 1096 3006 longe
1120 2961 1144 2991 a
1169 2944 1267 2991 luce
1290 2943 1391 2990 coeli
1411 2965 1425 2999 3
1461 2943 1564 3000 inde
1582 2958 1689 3006 quae
1709 2957 1890 2995 manent
1907 2943 2005 2992 sunt
2029 2946 2294 3012 recipientia

311 3007 679 3137 faigjsscinjmllsh&
704 3073 870 3122 domus
893 3071 1004 3137 ejus,
1055 3046 1430 3138 quod‘fign'tfioet
1448 3075 1508 3122 ab
1530 3074 1712 3121 Inter-no
1736 3076 1786 3123 &
1810 3073 1904 3140 ejus
1935 3076 2084 3133 bono,-
2110 3078 2296 3128 'constat

302 3157 370 3192 ex
393 3141 785 3206 repraesentatione
807 3139 1016 3204 josephi,
1071 3140 1152 3206 qui
1178 3140 1253 3189 hic
1287 3141 1443 3199 eststx'
1485 3143 1615 3207 quod
1652 3143 1702 3189 sit
1742 3142 1997 3200 internum,
2049 3143 2107 3191 de
2129 3161 2222 3258 gua
2243 3162 2299 3193 n:

1147 3235 1153 3239 ’
2168 3226 2257 3275 499
2279 3231 2298 3267 3
