2606 3646
377 162 2030 251 158KGENESIS.

442 303 534 361 558
544 316 588 364 3.
626 299 689 347 Et
708 299 826 347 dixit
849 298 905 347 ad
931 315 1035 347 eum
1065 300 1292 364 Jehudah,
1316 299 1440 363 quod
1462 297 1688 360 significet
1706 297 1880 346 bonum
1908 295 2142 354 Ecclefiae,
2180 293 2356 367 constat

372 376 431 413 ex
449 363 837 429 repraesentatione
855 365 1068 424 Jehudae,
1104 366 1230 430 quod
1250 367 1305 414 sit
1323 368 1496 411 bonum
1517 363 1744 420 Ecclesiae,
1779 364 1837 411 de
1853 381 1944 428 qua
1964 381 2015 410 n:
2046 364 2188 426 3654.
2224 363 2356 426 quod

374 432 588 491 Jehudah
609 448 729 479 nunc
752 432 956 494 loquatur
970 432 1027 476 de
1047 431 1322 493 Benjamine‚
1358 431 1408 477 &c
1426 431 1546 492 prius
1568 429 1736 478 Ruben
1756 431 1811 490 de
1828 430 2013 487 eodem,
2043 430 2143 492 Cap
2164 446 2174 476 :
2211 444 2358 493 praec:

372 498 513 545 vers:
555 498 632 560 36,
662 510 743 559 37,
781 498 843 542 est
868 512 1098 553 arcanum,
1139 497 1262 561 quod
1290 512 1380 543 non
1407 495 1487 542 mii
1512 509 1647 557 quarn
1667 508 1691 539 a
1717 493 1837 543 sensu
1875 497 2050 542 interno
2086 510 2238 559 patere
2274 510 2360 558 po-

372 563 491 616 test3
548 566 724 626 pariter,
765 565 893 626 quod
917 578 1023 609 curn
1046 563 1211 610 Ruben
1250 563 1306 609 de
1331 560 1591 625 Benjamine
1632 558 1844 623 loquutus
1882 560 1963 617 est,
2002 563 2147 624 Jacob
2182 562 2360 610 dicatur

350 639 354 642 ’
377 629 543 690 jacob,
599 629 723 691 Cap:
774 644 922 691 praec:
976 629 1116 676 Vers:
1167 630 1250 690 36,
1302 628 1375 675 hic
1418 640 1567 673 autem
1613 640 1722 671 cum
1780 620 1999 686 Jehudah⁴
2038 627 2096 674 de
2133 625 2358 690 Benjami·

379 710 435 740 ne
463 694 678 757 loquitur,
707 694 850 754 Jacob
882 693 1058 741 dicatur
1081 690 1229 750 Israel,
1247 693 1407 752 *Versz
1447 693 1491 739 6.
1520 696 1562 738 8.
1589 709 1640 740 11
1670 711 1684 744 ς
1723 691 1850 754 quod
1886 691 1974 739 tale
2013 691 2184 762 aliquid
2211 692 2360 741 invol-

378 773 476 816 vat,
502 776 527 806 a
546 762 728 807 nemine
748 760 899 823 negari
916 761 1078 821 potest,
1116 761 1186 806 sed
1209 760 1317 823 quid
1361 757 1573 812 involvit,
1610 772 1902 822 nequaquam
1926 773 1952 804 a
1969 757 2095 804 sensu
2111 757 2254 809 literae
2272 758 2361 814 his-

380 827 526 872 torico
539 826 630 872 sciri
649 826 825 889 potest;
851 828 961 874 ficut
978 828 1114 873 etiam
1140 826 1261 880 alibi,
1289 826 1362 872 ubi
1383 824 1544 888 Jacob,
1570 820 1688 868 nunc
1709 824 1872 885 Jacob,
1893 839 2011 870 nunc
2028 823 2159 872 Israel
2178 824 2361 884 dicitur,

379 909 442 947 n:
479 892 644 949 4286;
681 908 910 955 arcanum,
948 893 1071 957 quod
1100 893 1313 949 involvit,
1350 891 1395 938 in
1422 888 1728 953 sequentibUS,
1765 906 1821 936 ex
1847 890 2018 941 Divina
2045 890 2238 939 Domini
2265 891 2362 947 Mi·

379 957 629 1012 sericordia‚
665 959 855 1006 dicetur.
926 957 1070 1022 Qod
1097 958 1168 1005 hic
1186 957 1398 1018 Jehudah
1423 971 1540 1004 nunc
1560 955 1791 1017 loquatur,
1827 955 1889 1001 est
1910 955 2015 1020 quia
2040 955 2189 1019 agitur
2211 956 2268 1005 de
2285 958 2367 1016 bo-

379 1040 442 1071 no
464 1025 555 1071 veri
570 1024 832 1087 spiritualis,
866 1026 995 1089 quod
1015 1024 1394 1087 comparandum,
1433 1038 1487 1068 n:
1528 1022 1652 1081 5282
1677 1040 1693 1074 ·‚
1729 1021 1896 1069 idcirco
1921 1022 1992 1068 hic
2009 1020 2243 1082 Jehudah,
2278 1025 2366 1092 qui

379 1089 447 1136 est
471 1091 645 1137 bonum
671 1090 902 1147 Ecclefiae,
938 1090 1143 1155 loquitur
1157 1106 1269 1138 curn
1294 1089 1469 1145 Israele‚
1507 1089 1589 1151 qui
1612 1084 1676 1130 est
1699 1087 1875 1135 bonum
1901 1088 1994 1134 veri
2014 1086 2272 1155 spiritualis,
2310 1091 2362 1142 &

382 1154 579 1219 spondet
612 1171 696 1220 pro
713 1155 974 1218 Benjamine
991 1156 1089 1229 qm,
1105 1155 1170 1204 est
1189 1155 1423 1212 Medium,
1460 1168 1567 1200 nam
1594 1149 1814 1220 Medium
1845 1150 2147 1216 conjungetur
2169 1170 2249 1219 per
2273 1155 2359 1205 bo-

381 1237 512 1269 num.

453 1289 596 1348 5584.
634 1286 861 1346 Dicendo,
896 1285 1191 1336 contestando
1228 1285 1500 1336 contestatus
1538 1287 1584 1335 in
1620 1303 1700 1338 nos
1732 1284 1819 1341 vir,
1854 1283 1978 1350 quod
1994 1282 2222 1351 significet
2238 1286 2365 1349 quod

380 1353 468 1401 illis
497 1353 702 1401 aversum
726 1354 954 1418 spirituale
977 1355 1035 1402 ab
1060 1355 1254 1408 interno,
1287 1353 1461 1400 constat
1490 1370 1550 1402 ex
1571 1351 1897 1420 significatione
1930 1351 2224 1403 contestando
2257 1367 2366 1408 con-

378 1419 530 1467 testari
549 1419 676 1482 quod
694 1420 749 1468 fit
781 1420 959 1469 aversus
975 1421 1076 1478 esse,
1112 1435 1219 1467 nam
1236 1418 1506 1468 contestatus
1518 1420 1582 1468 est
1595 1421 1722 1485 quod
1743 1433 1833 1468 non
1852 1416 2063 1468 viderent
2080 1417 2211 1467 facies
2230 1416 2366 1475 illius,

381 1486 464 1533 nist
488 1484 626 1533 frater
649 1501 810 1534 eorum
833 1487 942 1533 effet
963 1502 1066 1534 cum
1101 1484 1207 1542 illis,
1245 1486 1344 1534 haec
1366 1485 1632 1534 contestatio
1668 1485 1732 1533 est
1754 1482 2012 1539 averfioniS,
2036 1499 2141 1530 nam
2168 1499 2246 1546 per
2269 1501 2364 1540 non

380 1551 537 1599 videre
562 1549 693 1598 facies
716 1551 810 1614 ejus
834 1553 1110 1614 significatur
1132 1551 1259 1616 quod
1283 1551 1406 1599 nulla
1429 1553 1776 1608 commiseratio,
1811 1549 1869 1596 de
1892 1564 1982 1611 qua
2002 1565 2115 1601 mox
2135 1547 2362 1615 sequitur3

386 1620 438 1666 bc
462 1632 518 1664 ex
542 1617 937 1680 repraesentatione
957 1617 1166 1682 Josephi,
1191 1617 1318 1682 quod
1342 1617 1392 1665 fit
1418 1617 1646 1667 Divinum
1675 1615 1915 1684 spirituale,
1953 1614 2021 1664 seu
2056 1616 2182 1678 quod
2219 1616 2364 1674 idem,

381 1699 547 1730 verum
572 1699 596 1730 a
621 1684 814 1740 Divino,
849 1684 907 1732 de
930 1700 1020 1747 qua
1046 1701 1104 1732 n:
1145 1684 1291 1748 3969,
1329 1684 1408 1749 qui
1443 1685 1534 1741 hie,
1569 1684 1678 1750 quia
1714 1685 1782 1731 vir
1815 1680 2003 1738 dicitur,
2039 1681 2104 1728 est
2138 1680 2366 1745 spirituale

381 1748 457 1800 seu
477 1765 638 1796 verum
658 1749 849 1798 influens
867 1751 923 1798 ab
941 1752 1135 1799 interno.
1434 1754 1437 1755 ⁷

453 1821 599 1877 5585.
639 1815 868 1875 Dicendo,
893 1832 985 1864 non
1009 1815 1220 1864 videbitis
1243 1813 1374 1863 facies
1395 1830 1534 1874 meas,
1558 1816 1685 1882 quod
1709 1814 1932 1877 significet
1954 1812 2080 1878 quod
2100 1811 2368 1868 nullascom-

383 1881 625 1938 miseratio,
681 1882 856 1930 constat
889 1899 928 1947 ax
949 1882 1274 1947 significatione
1307 1880 1543 1938 facierum,
1588 1898 1693 1931 cum
1730 1880 2029 1945 praedicantur
2061 1877 2120 1932 de
2153 1878 2364 1938 homine,

370 1946 514 2012 'quod
543 1946 639 1995 ‘fint
675 1948 902 1997 interioria
938 1947 1053 2013 vejuS,
1091 1963 1258 2012 nempe
1296 1947 1556 1998 affectiones
1588 1950 1639 1998 ὅτ
1679 1948 1783 1997 inde
1820 1943 2138 2011 cogitationes,
2184 1946 2241 1998 de
2265 1961 2372 2015 ,qua
2424 2010 2427 2012 μ

389 2029 452 2089 ¹¹⁶²
492 2016 603 2076 358.
634 2030 773 2079 1999.
801 2031 943 2090 ²}i34·
974 2030 1116 2090 35}7·
1145 2029 1290 2086 3473.
1325 2015 1478 2089 4066.
1500 2014 1649 2078 4796.
1674 2029 1822 2091 4797.
1850 2027 2015 2088 5192}
2049 2025 2093 2060 at
2116 2027 2224 2059 curn
2248 2026 2372 2086 prae-

367 2079 592 2127 vdicantur
613 2081 672 2127 de
700 2080 924 2139 Domino,
945 2080 1087 2146 quod
1110 2080 1167 2130 fit
1181 2080 1493 2128 Misericordia
1511 2079 1584 2128 seu
1608 2080 1959 2134 commiseratio,
1996 2078 2100 2126 inde
2125 2093 2218 2124 non
2242 2077 2372 2126 vide-

392 2161 438 2192 re
457 2144 606 2202 facies,
634 2145 698 2193 est
722 2154 813 2194 non
841 2147 1165 2206 misericordia,
1191 2146 1264 2195 seu
1280 2146 1401 2195 nulla
1418 2147 1767 2202 commiseratio,
1799 2145 2031 2193 Dominus
2047 2148 2170 2197 enim
2189 2158 2268 2206 per
2283 2144 2374 2206 J0.

387 2211 579 2275 sephum
609 2212 681 2258 hic
703 2214 749 2259 in
787 2212 1001 2277 supremo
1035 2213 1162 2261 sensu
1197 2213 1573 2275 repraesentatur,
1609 2229 1702 2260 non
1737 2211 1862 2275 quod
1888 2209 2011 2257 nulla
2032 2208 2370 2259 commiseratio

388 2278 446 2325 fit
480 2278 600 2340 apud
627 2278 906 2335 Dominum,
941 2278 1006 2326 est
1039 2279 1164 2326 enim
1200 2277 1293 2341 ipsa
1316 2277 1645 2334 Misericordia,
1682 2277 1756 2326 sed
1790 2292 1896 2323 cum
1933 2291 2025 2322 non
2062 2274 2267 2325 medium
2302 2275 2369 2330 est

373 2344 520 2407 ‘quod
545 2341 804 2405 conjungit,
840 2357 952 2393 tunc
984 2357 1172 2409 apparet
1200 2342 1377 2392 homini
1410 2343 1535 2406 quafi
1558 2343 1683 2391 nulla
1704 2340 2035 2390 commiseratio
2059 2341 2106 2386 in
2130 2340 2370 2401 Domino;

390 2408 520 2456 causa
539 2410 589 2456 &
612 2411 720 2473 quia
744 2410 776 2457 fi
796 2426 884 2458 non
904 2411 1113 2460 medium
1136 2409 1430 2472 conjuugem,
1456 2410 1578 2459 nulla
1596 2409 1790 2472 receptio
1814 2407 1923 2455 boni
1949 2406 2027 2462 est,
2047 2407 2095 2454 ὅτ
2114 2422 2219 2454 cum
2245 2405 2369 2464 nulla

392 2477 594 2538 receptio
620 2474 744 2533 boni,
778 2476 842 2523 est
867 2477 1042 2525 malum
1062 2476 1164 2525 loco
1187 2473 1280 2539 ejus
1300 2499 1314 2532 ;
1350 2474 1383 2522 fi
1403 2475 1545 2523 homo
1566 2489 1674 2523 tunc
1692 2474 1748 2522 ad
1767 2471 2028 2523 Dominum
2047 2472 2228 2529 clamat,
2262 2473 2370 2535 quia

393 2557 452 2588 ex
477 2541 600 2588 malo
624 2541 804 2598 clamat,
839 2545 903 2590 ita
925 2559 1011 2608 pro
1030 2542 1070 2592 se
1093 2555 1252 2591 contra
1273 2557 1453 2597 omnes,
1490 2542 1608 2588 nulla
1643 2540 1819 2588 auditio
1838 2539 1918 2595 est,
1954 2539 2040 2586 hoc
2058 2553 2241 2603 apparet
2263 2539 2375 2597 ficut

396 2608 520 2654 nulla
537 2606 883 2657 commiseratio.
953 2609 1099 2672 Qod
1124 2607 1258 2656 facies
1279 2607 1478 2668 Jehovae
1503 2606 1573 2654 seu
1601 2605 1798 2656 Domini
1821 2604 1876 2652 fit
1899 2604 2373 2662 Misericordia„,con-
2407 2639 2409 2641 -

394 2672 506 2720 stare
523 2671 669 2733 potest
693 2688 748 2719 ex
765 2673 951 2727 Verbo·,
974 2675 1037 2722 est
1059 2673 1185 2723 enim
1203 2673 1336 2723 facies
1361 2673 1653 2736 Jehovae'seu
1664 2671 1860 2722 Domini
1880 2671 1923 2718 in
1947 2668 2278 2735 proprio-sensu
2304 2672 2373 2737 ip-

392 2738 438 2786 se
459 2739 611 2785 Amor
637 2737 852 2794 Divinus,
888 2740 937 2787 δε
959 2739 1066 2802 quia
1089 2740 1152 2786 est
1175 2755 1303 2787 amor
1321 2739 1518 2786 Divinus
1541 2739 1605 2786 est
1626 2736 1971 2794 Misericordiae,
1996 2751 2099 2790 nam
2126 2736 2224 2785 haec
2246 2752 2301 2795 ex
2324 2755 2372 2785 a-

398 2821 523 2850 more
543 2803 606 2850 est
627 2814 732 2868 erga
756 2820 898 2867 genus
925 2807 1180 2853 humanum
1204 2807 1249 2852 in
1287 2805 1422 2852 tantis
1455 2803 1641 2852 miseriis
1673 2803 1989 2855 constitutum.
2030 2863 2032 2865 ‚
2060 2801 2201 2865 Qod
2238 2800 2374 2863 facies

396 2869 599 2932 jehovae
620 2869 899 2918 seuDomini
918 2870 969 2918 fit
987 2871 1185 2919 Divinus
1211 2873 1381 2927 Amor,
1416 2870 1616 2918 constare
1641 2870 1789 2935 potest
1811 2885 1869 2917 ex
1890 2866 1999 2920 facie
2014 2867 2228 2930 Domini,
2262 2884 2370 2929 cum

399 2935 630 2981 Dominus
655 2952 805 2984 coram
829 2937 983 2991 Petro.
1021 2937 1211 2997 Jacon
1247 2938 1298 2985 δε
1323 2935 1535 3000 Johanne
1560 2935 1892 2984 transformatus
1911 2932 2015 2988 fuit,
2051 2932 2138 2984 hoc
2160 2933 2239 2988 est,
2264 2951 2374 2995 curn

399 3001 483 3045 issi<
506 3001 885 3050 D1vinum-suum
906 3003 1117 3059 ostendit,
1142 3017 1249 3051 tunc
1261 2997 1974 3066 faciesspfiusstcutfhlsplenduit
1989 3001 2019 3021 ’'
2042 2997 2370 3064 Matthzxvn:

400 3080 446 3117 ε,
475 3068 614 3124 quod
638 3064 776 3115 saliit
803 3068 1002 3116 Divinus
1018 3084 1163 3124 amor,
1201 3068 1430 3116 ostensum
1457 3068 1664 3117 videatur
1693 3084 1719 3114 n
1739 3084 1754 3129 εἶ
1778 3083 1840 3127 30
1863 3065 1917 3112 ad
1947 3067 2022 3131 38.
2055 3079 2370 3142 ¹5²¹·21529·

404 3146 546 3197 1530.
593 3148 729 3196 1531.
762 3150 906 3196 2441.
934 3149 1078 3200 2495.
1099 3135 1245 3199 3636.
1274 3134 1421 3198 3643ss
1444 3133 1591 3192 4060.
1619 3130 1808 3197 4321fi
1845 3130 2006 3196 4696:
2043 3128 2197 3196 Ipsum
2236 3130 2374 3180 Divi-

2257 3213 2370 3248 num
