2606 3646
265 216 590 294 <CAPUT
607 227 626 282 Α
649 211 1501 302 QUADRAGESIMUM
1546 212 2017 287 TERTIUM.
2077 237 2115 286 ‘1
2124 212 2171 286 6
2173 237 2218 308 9

220 351 298 402 ‘Et
319 345 639 401 dixitadaeillos
662 343 793 392 Israel
825 352 955 407 pater
976 342 1181 400 illorum,
1217 341 1442 404 fignificat
1463 342 1809 406 perceptionem
1833 355 1891 387 ex
1924 340 2050 389 bono
2087 342 2218 407 spiri·

222 419 373 468 ‹tualiz
407 416 442 464 fi
464 414 522 460 ita
551 426 679 474 ergo,
715 409 863 466 facite,
897 410 1124 474 fignificat
1145 409 1178 457 fi
1202 425 1294 458 non
1317 409 1447 456 aliter
1476 409 1575 457 fieri
1604 411 1755 474 posfit,
1790 407 1852 454 ita
1883 407 1993 455 fiat:
2027 412 2217 474 accipite

231 500 292 532 ex
315 477 629 530 decantatione
668 490 800 525 terrae
841 478 889 524 in
923 477 1037 525 vafis
1068 476 1244 534 vestris,
1279 474 1503 539 fignificat
1533 476 1752 523 eximiora
1787 472 2004 521 Ecclefiae
2026 475 2073 521 in
2101 477 2217 524 veris

222 549 373 600 fidei:
408 546 460 594 &
483 543 749 593 descendere
784 542 918 592 facite
952 545 1272 606 virolmunus,
1306 542 1531 604 fignificat
1563 542 1622 589 ad
1656 540 1958 590 obtinendam
1984 544 2215 603 gratiam:

221 629 392 681 2parum
410 611 563 660 refinae
579 611 630 658 ὅτ,
649 626 812 674 parum
829 608 994 667 mellis,
1025 608 1246 673 fignificat
1256 623 1367 657 vera
1383 607 1494 655 boni
1512 609 1723 657 naturalis
1736 606 1973 656 exterioris
1988 608 2039 654 &
2048 606 2219 671 jucun-

214 681 348 740 vdum
370 678 496 743 ejus:
531 686 682 725 ceram
705 679 757 726 δε
775 675 962 734 stacten,
992 674 1223 740 fignificat
1257 690 1366 724 vera
1397 674 1509 723 boni
1535 675 1758 724 ,naturalis
1790 671 2046 721 interioris:
2082 693 2220 726 nuces

224 745 555 797 terebinthinas
578 744 629 792 ὅτ
644 740 928 807 amygdalas,
951 741 1172 805 fignificat
1193 742 1313 790 bona
1336 740 1447 789 vitae
1465 740 1552 789 illis
1571 742 1692 789 veris
1711 738 2107 802 correspondentia
2127 761 2138 790 ε
2164 746 2215 792 δε

228 812 408 875 argenti
431 810 635 875 duplum
657 810 846 874 accipite
869 809 916 857 in
935 809 1145 857 manibus
1167 808 1342 864 vestris,
1376 807 1600 871 fignificat
1622 823 1780 857 verum
1805 816 2044 868 acceptum
2063 809 2109 855 in
2134 826 2217 873 po.

220 880 388 928 »tenti-is
409 896 421 926 ε
458 878 504 925 &
521 889 766 939 argentum
785 875 1023 923 reduetum
1041 876 1090 923 in
1116 890 1194 922 ore
1214 872 1517 922 manticarum
1541 874 1790 922 vestrarum
1808 871 2029 920 reducatis
2060 875 2104 922 in
2124 893 2222 925 ma-

236 963 300 995 nu
322 944 482 1002 vestra,
506 943 732 1005 fignificat
753 941 882 1006 quod
897 957 980 1005 per
1001 956 1167 989 verum
1182 939 1321 1006 gratis
1335 940 1492 988 datum
1517 941 1565 988 i'n
1588 939 1801 988 exteriori
1821 937 2008 986 naturali
2035 939 2225 991 submit-

230 1023 378 1062 terent
396 1010 458 1068 se,
492 1012 719 1074 quantum
743 1007 979 1073 poffibile:
1014 1006 1134 1056 forte
1167 1023 1289 1055 error
1317 1006 1426 1064 hoc,
1461 1006 1683 1068 fignificat
1716 1021 1772 1053 ne
1805 1004 2018 1053 adversus
2053 1007 2135 1056 fit:
2170 1011 2224 1058 δε

230 1069 414 1126 fratrem
450 1076 654 1139 vestrum
687 1074 897 1140 accipite,
933 1073 1156 1138 fignificat
1188 1072 1319 1138 quod
1353 1073 1414 1121 fic
1441 1074 1535 1121 illis
1566 1074 1741 1122 bonum
1776 1070 1917 1118 fidei:
1953 1071 2005 1118 &
2039 1073 2226 1137 surgite,

222 1141 514 1193 :revertimini
539 1142 596 1189 ad
619 1141 791 1197 virum,
833 1140 1059 1203 fignificat
1080 1140 1230 1191 vitam
1260 1156 1288 1187 a
1320 1155 1430 1205 vero
1470 1139 1724 1204 spirituali:
1770 1139 1822 1186 ὅτ
1838 1137 1966 1183 Deus
1982 1138 2227 1199 Schaddai,

223 1210 456 1273 fignificat
472 1206 828 1256 consolationem
845 1206 948 1271 post
965 1206 1076 1254 dura
1096 1225 1109 1255 ε
1145 1207 1225 1254 det
1238 1206 1369 1254 vobis
1388 1205 1717 1254 misericordias
1733 1218 1886 1252 coram
1901 1202 2018 1260 viro,
2055 1208 2228 1271 fignifi-

230 1291 304 1326 cat
319 1287 369 1325 ut
380 1291 540 1322 verum
564 1273 791 1337 spirituale
815 1272 1012 1335 gratiose
1035 1288 1119 1321 vos
1141 1273 1363 1337 accipiat,
1405 1272 1457 1320 δε
1481 1272 1635 1320 mittat
1657 1270 1791 1320 vobis
1815 1270 1999 1316 fratrem
2023 1276 2227 1324 vestrum

222 1345 449 1397 alterum,
483 1339 707 1404 fignificat
727 1351 776 1387 ut
799 1340 880 1387 det
901 1339 1081 1386 bonum
1100 1338 1237 1386 fidei:
1270 1339 1323 1386 δε
1341 1336 1678 1401 Benjaminem,
1714 1336 1940 1397 fignificat
1967 1350 2122 1405 ,utque
2145 1358 2228 1388 ve-

235 1425 340 1458 rum
359 1407 546 1457 interius
566 1423 579 1454 ε
615 1406 665 1454 δε
683 1420 772 1468 ego
785 1403 1188 1468 quemadmodum
1203 1404 1385 1451 orbatus
1400 1404 1500 1451 sum
1517 1404 1699 1452 orbatus
1714 1418 1811 1459 er0,
1846 1400 2070 1463 fignificat
2098 1406 2228 1472 quod

229 1474 453 1531 Ecclesia,
486 1483 732 1535 antequam
750 1470 828 1518 illa
850 1469 987 1528 fiunt,
1022 1470 1110 1518 erit
1135 1470 1246 1517 ficut
1263 1469 1439 1533 privata
1463 1470 1550 1518 suis
1567 1470 1700 1519 veris.

294 1539 452 1603 5616..
482 1537 627 1587 'Dixit
644 1537 702 1584 ad
714 1537 830 1586 «illos'
847 1536 979 1584 Israel
1005 1539 1134 1601 patei-
1168 1535 1371 1593 illorum,
1405 1536 1536 1601 quod
1560 1537 1784 1601 significet
1806 1538 2145 1604 perceptionem
2170 1554 2229 1586 ex

235 1608 363 1658 bono
386 1605 629 1670 spirituali,
663 1603 837 1652 constat
870 1619 928 1650 ex
952 1602 1284 1667 significatione
1304 1603 1463 1651 dicere
1492 1602 1549 1650 in
1587 1603 1809 1651 histor-icis
1828 1606 1988 1663 Verbi,
2024 1605 2152 1670 quod
2176 1606 2232 1653 fit

234 1673 505 1740 perceptio·,
539 1671 590 1720 ὅτ
608 1686 666 1719 ex
687 1670 1082 1735 repraesentatione
1105 1668 1297 1726 Israelis,
1332 1668 1463 1734 quod
1486 1668 1541 1717 sit
1563 1671 1743 1718 bonum
1766 1669 2009 1735 spirituale,
2044 1674 2103 1719 de
2126 1672 2232 1735 qui·

233 1743 320 1789 bus
354 1739 483 1804 supra
508 1754 570 1786 n:
609 1754 774 1803 55953
807 1751 938 1802 pater
971 1735 1157 1795 dicitur,
1202 1735 1315 1805 quia
1349 1751 1474 1792 vera,
1507 1749 1616 1801 quae
1644 1738 1970 1802 repraesentant
1991 1737 2078 1805 filii
2110 1741 2229 1801 ejus,

225 1806 339 1856 2sunt
372 1804 528 1854 exilio
552 1804 673 1852 bono
698 1816 750 1851 ut
770 1820 795 1852 a
820 1815 963 1868 patre.
2235 1831 2238 1835 ›

303 1873 452 1935 5617.
489 1871 537 1918 Si
562 1871 623 1918 ita
653 1885 784 1933 ergo,
819 1868 973 1927 facite,
1007 1869 1138 1935 quod
1156 1868 1386 1933 >significet
1407 1869 1443 1918 fi
1466 1885 1560 1919 non
1583 1869 1714 1918 aliter
1736 1870 1835 1919 fieri
1861 1872 2010 1936 potiit,
2047 1869 2106 1920 ita
2130 1869 2230 1930 fiat,

219 1939 435 1989 *constare
454 1935 601 2001 potest
622 1936 791 2002 absque
814 1937 1133 2000 explicatione.
1464 1979 1468 1982 .
1550 1987 1553 1989 ,

306 2005 452 2067 5618.
491 2003 605 2051 Acci
646 2003 707 2051 ite
728 2003 1129 2052 exdecantatione
1152 2014 1285 2053 terrae
1308 2004 1358 2052 in
1374 2002 1496 2052 ’ναῦς
1517 2002 1690 2062 vestriS,
1723 2003 1855 2070 quod
1889 2003 2232 2068 fignificet-exi-

227 2073 386 2121 *miora
422 2018 710 2118 Ec'clefissjn
740 2069 859 2117 veris
894 2070 1022 2128 fidei,
1045 2070 1236 2118 *constat
1277 2086 1336 2118 ex
1359 2070 1687 2133 significatione
1725 2073 2068 2127 decantationiS,
2103 2070 2232 2135 quod

231 2139 326 2188 fint
347 2137 537 2193 eximia,
571 2135 629 2184 de
649 2152 745 2202 qua
777 2136 978 2200 sequitur
1004 2157 1019 2191 ;
1054 2151 1113 2184 ex
1137 2136 1469 2200 significatione
1493 2148 1642 2193 terrae,
1676 2137 1802 2201 quod
1835 2136 1889 2184 fit
1916 2137 2134 2194 Ecclesia,
2170 2136 2231 2183 de

226 2220 328 2268 qua
362 2203 496 2268 supra
522 2219 583 2250 n:
610 2217 776 2266 55773
812 2204 863 2252 δε
896 2219 955 2251 ex
995 2202 1324 2264 significatione
1365 2203 1594 2259 vasorum,
1629 2203 1750 2267 quod
1775 2204 1861 2252 sint
1881 2218 1984 2249 vera
2008 2203 2135 2259 fidei,
2170 2203 2231 2250 de

229 2275 415 2335 quan:
444 2269 588 2334 3068.
618 2271 938 2334 3079..3316.
966 2271 1113 2332 3318.
1182 2269 1436 2318 decantatio
1474 2269 1656 2326 dicitur,
1691 2271 1800 2334 quia
1824 2285 1918 2317 vox
1943 2269 2020 2316 illa
2046 2269 2092 2318 in
2117 2269 2230 2317 Lin-

226 2353 330 2401 „gua
352 2336 562 2399 originali
585 2335 819 2383 derivatur
841 2351 866 2383 a
888 2336 1157 2397 cantatione,
1187 2336 1300 2384 inde
1333 2336 1587 2384 decantatio
1620 2347 1755 2384 terrae
1790 2335 2231 2399 fignificatproducw-

226 2404 384 2451 “tiones
405 2403 661 2451 decantatas
684 2403 734 2451 ὃῑ
757 2402 978 2460 laudatas,
1015 2402 1209 2465 proinde
1230 2402 1276 2449 in
1301 2403 1427 2451 sensu
1452 2402 1631 2451 interno
1658 2403 1894 2450 eximiora.

308 2469 453 2532 5619.
490 2468 554 2516 Et
567 2468 836 2516 descendere
852 2467 1103 2516 facitcwiro
1122 2483 1304 2526 munus,
1338 2468 1465 2534 quod
1490 2468 1714 2531 significet
1736 2469 1791 2516 ad
1810 2470 2106 2518 obtinendam
2125 2484 2227 2531 gra-

231 2536 371 2591 tiam,
405 2534 582 2582 constat
595 2550 661 2584 >ex
683 2534 1014 2597 significatione
1035 2534 1196 2582 offerre
1220 2551 1390 2583 munus
1424 2535 1540 2590 viro,
1576 2534 1651 2581 hic
1677 2535 1897 2598 Joseph0,
1932 2538 2012 2601 qui
2038 2549 2229 2583 vocatur

239 2602 458 2650 dominus
481 2611 628 2658 tetrae,
662 2601 791 2665 quod
815 2601 871 2649 fit
891 2601 948 2648 ad
971 2600 1272 2648 obtinendam
1295 2601 1489 2663 gratiam
1511 2617 1522 2647 t
1574 2600 1754 2648 solenne
1790 2600 1935 2650 fuerat
1958 2604 2003 2650 in
2028 2600 2229 2651 Ecclesia

239 2666 600 2732 repraesentatIya
622 2666 848 2731 Antiqua,
885 2666 1064 2716 &inde
1100 2666 1145 2713 in
1158 2667 1377 2729 judaica,
1404 2665 1655 2730 judicibus,
1691 2668 1741 2715 δε
1776 2668 1924 2730 postea
1960 2671 2143 2732 regibus
2178 2670 2230 2716 δε

230 2733 538 2782 sacerdotibus
554 2732 660 2781 dare
676 2732 848 2797 aliquid
867 2735 1068 2781 muneris
1085 2749 1188 2781 cum
1206 2733 1306 2781 illos
1322 2733 1514 2789 adirent,
1537 2731 1820 2781 ,mandatum
1840 2735 1980 2783 etiam
1999 2738 2087 2782 hoc
2105 2732 2190 2781 fuit
2211 2755 2226 2787 ;

225 2801 362 2848 causa
379 2812 487 2855 erat,
511 2799 618 2863 quia
636 2814 840 2853 munera,
862 2814 967 2863 quae
986 2798 1070 2847 iilis
1087 2799 1275 2858 dabant,
1311 2799 1688 2863 repraesentabant
1708 2800 1809 2846 talia
1823 2802 1945 2864 apud
1966 2801 2225 2858 hominem,

230 2883 351 2930 *quae
368 2863 520 2913 offerri
538 2865 707 2912 debent
727 2864 942 2912 Domino
959 2880 1068 2912 cum
1082 2865 1250 2922 aditur,
1271 2881 1392 2929 »quae
1415 2866 1517 2913 sunt
1534 2881 1639 2927 quae
1656 2881 1714 2912 ex
1730 2867 1923 2924 Libero,
1961 2867 2149 2931 proinde
2168 2882 2227 2914 ex

240 2932 340 2995 ipso
358 2931 563 2987 homine,
590 2947 697 2979 nam
717 2930 911 2978 liberum
935 2929 1031 2993 ejus
1050 2930 1113 2979 est
1135 2931 1263 2995 quod
1282 2947 1340 2978 ex
1359 2932 1513 2988 corde,
1536 2931 1726 2996 &quod
1751 2947 1807 2979 ex
1825 2935 1958 2980 corde
1982 2933 2044 2979 est
2066 2950 2124 2981 ex
2143 2949 2226 2980 vo-

242 2997 432 3052 luntate,
447 2999 497 3045 &
521 2998 645 3062 quod
663 3013 722 3045 ex
739 2997 1054 3045 voluntate-est
1072 3012 1127 3043 ex
1147 2996 1385 3045 affeetione
1395 3014 1504 3062 quae
1521 2997 1894 3062 amori3‚&quod
1907 3015 1962 3046 ex
1980 2998 2225 3046 afleffione

241 3077 350 3124 quae
373 3065 536 3111 amoris
559 3063 623 3111 est
646 3063 859 3119 liberum,
895 3063 958 3110 ita
976 3062 1113 3130 ipsius
1133 3063 1348 3120 hominis,
1383 3079 1441 3110 n:
1484 3078 1625 3127 1947.
1651 3066 1861 3127 2870ad
1890 3069 2032 3129 2893.
2061 3069 2186 3128 3158
2208 3088 2224 3120 ;

232 3142 300 3175 rex
318 3126 473 3176 hocab
492 3129 680 3178 homine
697 3128 879 3177 dabitur
895 3145 1059 3177 munus
1078 3129 1288 3177 Domino
1305 3145 1411 3178 cum
1430 3129 1581 3177 aditur
1601 3152 1615 3185 ;
1652 3130 1741 3178 hoc
1758 3147 1925 3178 munus
1949 3144 2061 3190 erat,
2097 3133 2226 3196 quod

244 3192 639 3258 repraesentabatur
658 3217 675 3255 ς
709 3211 851 3260 regeS,
868 3198 993 3245 enim
1017 3196 1395 3311 repraesentabYant
1413 3196 1677 3246 Dominum
1701 3198 1854 3261 quoad
1879 3198 2111 3247 Divinum
2134 3199 2226 3244 Ve-

2101 3280 2224 3319 rum,
