2566 3640
473 208 776 307 CAPUT
821 210 1670 319 QUADRAGESIMUM
1714 216 2112 313 NONUM.
2171 262 2264 330 45
2274 265 2303 331 3

323 366 416 426 nis,
466 366 518 415 δε
548 365 716 414 afficiat
738 362 950 411 interiora
971 361 1063 426 ejus
1087 362 1299 411 felicitate
1330 362 1550 411 ineffabili
1574 382 1589 417 ς
1642 362 1700 410 ad
1727 362 1815 410 hoc
1838 364 1940 427 plus
1965 363 2308 428 obstupescunt,

323 437 378 484 δε
398 430 560 482 dicunt
582 432 625 480 se
649 431 697 479 id
719 445 813 477 non
836 430 1223 494 comprehendere
1248 430 1372 495 poffe
1394 451 1408 484 3
1446 431 1541 477 imo
1561 430 1602 476 se
1625 430 1672 477 id
1698 446 1779 478 nec
1795 430 1928 488 velle,
1965 447 2070 478 nam
2097 434 2305 489 credunt,

324 501 359 549 fi
380 499 598 549 amittunt
611 496 869 563 Jucundum
885 498 1051 545 amoris
1073 497 1155 554 sui,
1191 497 1318 562 quod
1344 496 1580 544 miserrimi
1600 496 1703 553 fint,
1738 497 1844 559 quia
1862 510 1971 546 tunc
1989 498 2156 563 absque
2175 500 2306 547 omni

324 565 500 630 gaudio
523 565 654 622 vitae‚
696 566 748 613 δε
770 578 960 628 quoque
984 577 1151 612 vocant
1176 565 1277 611 illos
1300 562 1381 627 qui
1408 563 1453 609 in
1476 563 1565 610 alio
1587 563 1703 610 statu
1731 564 1846 620 sunt,
1898 564 2141 629 simplices.
2213 567 2312 614 Illis

320 629 417 682 non
461 632 685 681 abfimiles
724 630 844 686 sunt,
897 630 976 695 qui
1002 645 1139 695 opera
1173 629 1346 677 faciunt
1367 628 1433 675 ex>
1460 630 1552 677 fine
1586 630 1974 687 remunerationis,
2029 648 2134 680 nam
2170 649 2307 697 opera

318 699 441 748 bona
469 714 556 762 pro
579 699 621 745 se
648 700 697 745 ὅτ
722 713 815 744 non
845 712 930 760 pro
957 697 1052 744 aliis
1075 695 1263 752 faciunt,
1288 711 1392 743 nam
1420 696 1461 742 se
1484 696 1529 742 in
1557 695 1660 751 illis,
1686 711 1777 742 non
1803 698 2088 759 proximum,
2124 715 2206 747 nec
2231 717 2311 764 pa-

313 763 469 821 triam,
505 781 585 813 nec
597 765 788 820 centum,
823 762 907 810 nec
927 763 1213 819 Dominum,
1248 761 1464 826 specstant,
1503 762 1584 810 nisi
1599 761 1825 809 ficutillos
1842 765 1920 828 qui
1943 764 1986 811 in
2005 764 2164 813 debito
2182 766 2302 825 sunt,

313 845 370 882 ut
394 833 475 880 fibi
498 831 794 879 benefaciant.
848 830 984 878 Talia
1008 831 1127 887 sunt,
1176 826 1285 894 qtiae
1309 832 1355 876 In
1380 828 1467 876 hoc
1493 828 1652 885 Versu,
1689 831 1735 875 in
1759 844 1854 892 quo
1877 830 1934 877 de
1954 830 2218 893 Jisaschare,
2255 833 2306 882 in

317 899 445 948 sensu
470 898 648 946 interno
670 893 999 944 describuntur.
1662 898 1667 903 ’

387 966 534 1028 6392.
572 963 638 1011 Et
661 975 822 1011 terram
846 961 974 1026 quod
1006 976 1205 1019 amaena,
1242 960 1372 1026 quod
1414 959 1641 1024 significet
1662 961 1789 1026 quod
1814 963 1861 1009 in
1887 962 1980 1020 illa,
2018 981 2185 1029 nempe
2208 963 2309 1013 feli·

317 1031 454 1080 citate
477 1030 580 1088 fint,
633 1029 716 1094 qui
752 1030 799 1076 in
832 1029 1003 1091 Regno
1028 1029 1244 1085 Domini,
1298 1027 1471 1076 constat
1493 1045 1519 1075 a
1545 1027 1872 1092 significatione
1903 1041 2052 1087 terrae‚
2104 1031 2230 1094 quod
2255 1033 2311 1080 fit

315 1097 534 1154 Ecclesia,
570 1112 622 1144 ac
640 1097 702 1144 ita
719 1110 902 1160 quoque
921 1096 1144 1159 Regnum
1164 1095 1378 1152 Domini,
1412 1095 1472 1142 de
1489 1111 1582 1160 qua
1607 1111 1666 1142 n:
1694 1095 1804 1143 662.
1831 1096 1970 1144 1066.
2003 1100 2140 1159 1067.
2166 1115 2310 1162 ¹413*

319 1165 466 1231 1607.
498 1178 641 1227 ¹733·
676 1165 818 1223 1850.
847 1176 993 1226 2117.
1021 1164 1172 1211 2118.
1194 1176 1325 1226 4447
1354 1183 1369 1217 ς
1403 1163 1530 1227 quod
1555 1161 1739 1223 terraid
1765 1161 1833 1218 fit,
1867 1161 1931 1210 est
1953 1164 2062 1228 quia
2084 1176 2199 1212 terra
2222 1165 2311 1212 Ca-

315 1247 450 1288 naan,
473 1229 480 1249 ²
502 1246 611 1294 quae
633 1245 713 1293 per
736 1241 900 1276 terram
923 1227 1198 1289 intelligitur
1221 1230 1269 1276 in
1284 1228 1464 1285 Verbo,
1518 1227 1907 1292 repraesentaverit
1939 1230 2164 1293 Regnum
2202 1232 2308 1280 Do-

314 1296 451 1354 mini,
488 1297 540 1345 &
557 1296 645 1344 hoc
662 1296 765 1361 quia
786 1293 983 1343 Ecclesia
999 1294 1063 1343 ibi
1082 1293 1233 1344 fuerat'
1244 1295 1302 1343 ab
1318 1295 1630 1362 antiquissimo
1649 1296 1873 1359 tempore,
1911 1311 1964 1342 n:
1992 1312 2082 1360 303
2095 1300 2141 1347 8.
2160 1301 2253 1362 348
2267 1317 2308 1348 1.

314 1378 466 1429 3705.
505 1363 652 1427 3686.
688 1378 837 1426 4447.
875 1377 1047 1424 4454.»
1063 1361 1210 1423 4516.‘
1246 1376 1394 1424 4517.
1424 1362 1599 1427 ‚5¹363
1653 1362 1703 1410 δι
1725 1377 1783 1408 ex
1814 1362 2142 1424 significatione
2176 1365 2308 1429 quod

314 1445 529 1483 amaena;
581 1429 710 1494 quod
735 1428 962 1491 significet
983 1426 1267 1485 felicitatem,
1321 1443 1429 1492 quae
1451 1429 1665 1491 operibus
1702 1427 1812 1475 boni
1852 1429 2019 1494 absque
2053 1446 2311 1480 remunera-

312 1497 457 1545 tione.
514 1495 661 1560 Qod
685 1495 878 1551 dicatur,
895 1493 1023 1559 quod
1043 1493 1219 1542 videbit
1233 1495 1408 1560 quietem
1423 1494 1551 1557 quod
1567 1494 1692 1554 bona,
1728 1495 1959 1543 &terram
1975 1498 2100 1562 quod
2119 1514 2306 1557 amaena,

314 1563 369 1612 &
391 1578 472 1629 per
493 1560 745 1625 utrumque
769 1560 1049 1624 significetur
1070 1556 1259 1607 felicitas
1287 1562 1395 1622 quae
1420 1561 1465 1607 in
1489 1561 1658 1622 Regno
1683 1560 1900 1618 Domini,
1936 1562 2000 1610 est
2023 1565 2129 1628 quia
2152 1564 2309 1614 videre

315 1631 496 1698 quietem
518 1628 645 1692 quod
669 1627 790 1684 bona,
841 1625 886 1676 se
908 1625 1072 1675 referat
1093 1625 1152 1674 ad
1176 1625 1361 1674 coeleste
1385 1626 1458 1675 seu
1480 1626 1675 1684 borium,
1722 1627 1773 1674 &
1809 1627 1967 1675 videre
1989 1638 2154 1679 terram
2178 1632 2310 1695 quod

310 1711 478 1745 amoena
497 1694 539 1744 se
556 1694 713 1742 referat
722 1693 780 1741 ad
800 1691 1029 1760 spirituale
1044 1690 1120 1740 seu
1138 1693 1395 1749 verum,'&
1413 1692 1501 1741 hoc
1522 1693 1586 1741 ob
1603 1691 1870 1757 conjugium
1894 1694 2003 1743 boni
2021 1697 2073 1744 δε
2095 1697 2207 1755 veri,
2246 1699 2309 1747 de

314 1757 409 1826 quo
433 1779 491 1810 n:
517 1761 664 1825 6343.
736 1758 884 1826 Qod
906 1754 1170 1807 felicitatem
1189 1760 1237 1806 in
1254 1759 1464 1823 operibus
1488 1760 1597 1807 boni
1615 1759 1781 1823 absque
1804 1763 2164 1813 remuneratIOne
2188 1761 2312 1815 ulte-

314 1831 410 1878 rius
441 1827 689 1882 concernit,
741 1825 995 1882 sciendum,
1044 1823 1175 1890 quod
1213 1822 1468 1887 pauci‘ffimi
1491 1825 1629 1875 hodie
1654 1823 1810 1883 sciant,
1863 1828 1991 1891 quod
2015 1830 2061 1875 in
2088 1829 2309 1881 faciendis
2386 1830 2395 1837 ⁹

315 1895 447 1942 bonis
472 1893 641 1958 absque
657 1893 750 1941 fine
766 1890 1164 1948 remunerationis,
1200 1890 1254 1939 fit
1275 1890 1464 1938 felicitas
1485 1891 1679 1940 coelestis
1700 1911 1715 1946 ;
1752 1907 1843 1940 non
1868 1895 1992 1942 enim
2019 1894 2161 1944 sciunt
2178 1899 2310 1962 quod

313 1961 398 2009 alia
421 1959 611 2011 felicitas
635 1959 689 2007 fit
710 1957 1006 2024 quam·evehi
1029 1957 1086 2010 ad
1109 1956 1325 2014 honores,
1366 1957 1520 2006 serviri
1544 1959 1604 2006 ab
1624 1957 1738 2015 aliis,
1785 1958 1960 2010 divitiis
1982 1961 2224 2020 abundare,
2261 1967 2310 2014 in

314 2025 631 2092 voluptatibus
653 2025 808 2073 vivere
827 2026 843 2082 ἓ,
913 2025 1005 2081 uod
1022 2022 1159 2090 supra
1179 2024 1255 2072 illa
1273 2025 1327 2072 fit
1343 2021 1551 2082 felicitaS,
1586 2041 1693 2090 quae
1710 2024 1850 2073 afficit
1867 2025 2075 2076 interiora
2095 2029 2310 2090 hominis,

312 2095 404 2142 alte
428 2089 659 2159 ignorant,
695 2093 757 2141 ita
781 2042 910 2164 quo}
930 2092 985 2140 fir
997 2087 1194 2158 ‘felicitas
1228 2088 1435 2153 coelestis,
1486 2093 1536 2140 ὅτ.
1558 2092 1686 2157 quod
1712 2091 1810 2140 haec
1833 2090 2018 2142 felicitas
2042 2096 2096 2144 fit
2121 2095 2310 2146 felicitas

312 2161 531 2225 genuinae
560 2160 789 2208 charitatis
811 2179 827 2214 ;
879 2163 1043 2224 'quaere
1065 2156 1285 2224 sapientes
1309 2157 1465 2216 hodie,
1517 2159 1634 2206 num'
1658 2158 1797 2206 sciant
1818 2159 1945 2224 quod
1972 2158 2016 2208 id
2042 2163 2094 2211 sit
2115 2162 2307 2213 felicitas

314 2227 509 2276 coelestis
530 2248 545 2283 3
582 2227 689 2275 inde
712 2232 902 2291 quoque
927 2226 1009 2283 est,
1053 2225 1183 2291 quod
1203 2225 1352 2290 plures
1375 2224 1578 2288 rejiciant
1601 2225 1721 2273 bona
1738 2241 1891 2291 opera,
1927 2227 2158 2278 credentes
2181 2231 2309 2296 quod

312 2310 407 2342 non
430 2294 524 2342 dari
549 2305 719 2356 queant
741 2292 864 2356 apud
890 2292 1113 2358 aliquem,
1151 2290 1316 2357 absque
1341 2292 1433 2339 fine
1457 2291 1661 2341 merendi
1699 2307 1780 2355 per
1814 2292 1891 2341 illa
1913 2315 1927 2350 ;
1976 2309 2083 2342 nam
2109 2313 2202 2344 non
2227 2298 2308 2346 sci·

314 2372 418 2418 unt,
457 2359 583 2423 quod
608 2361 690 2422 qui
714 2359 926 2407 dicuntur
946 2376 973 2407 a
999 2357 1225 2415 Domino,
1267 2357 1381 2405 nihil
1405 2360 1557 2422 potius
1579 2357 1727 2406 velint
1792 2373 1903 2407 'uam
1941 2359 2059 2408 bona
2082 2377 2215 2426 opera
2241 2363 2307 2413 fa-

315 2443 450 2484 cere,
480 2426 531 2473 δε
555 2425 681 2490 quod
707 2425 820 2490 nihil
843 2424 998 2474 minus
1013 2421 1219 2488 cogitent
1242 2441 1383 2490 quam
1401 2425 1459 2472 de
1484 2425 1647 2474 merito
1667 2440 1748 2488 per
1761 2375 1878 2480 cillla3
1915 2424 2056 2476 ‘novae
2077 2430 2199 2477 enim
2217 2446 2305 2478 vo-

315 2490 510 2549 luntati,²
535 2491 644 2556 quae
667 2488 928 2540 aDorhino
961 2487 1156 2542 donatur
1188 2488 1276 2540 illis
1297 2491 1380 2556 qui
1405 2504 1744 2554 regenerantur,
1793 2491 1882 2540 hoc
1917 2491 2046 2554 inest,
2099 2497 2310 2547 nam'illa

311 2558 526 2608 voluntas
549 2557 613 2605 est
637 2557 834 2607 Domini
851 2556 990 2624 ,apu'd
1016 2557 1271 2607 hominem.
1567 2560 1589 2582 ·’
1688 2565 1692 2575 ’
1771 2582 1784 2613 .·
1974 2576 1978 2580 “
2116 2578 2118 2580 ’

379 2627 410 2674 6
417 2623 476 2689 39'
484 2629 527 2689 3.
565 2622 629 2672 Et
647 2623 883 2675 inclinabit
907 2623 1150 2673 humerum
1175 2625 1231 2672 ad
1255 2623 1570 2690 bajulandum,
1608 2624 1737 2691 quod
1762 2625 1988 2688 significet
2007 2628 2133 2692 quod
2161 2629 2306 2695 usque

314 2693 443 2740 omni
467 2706 605 2755 opera
629 2689 818 2749 laboret,
850 2690 1030 2740 ‘constat
1052 2707 1110 2739 ex
1134 2691 1461 2756 significatione
1485 2693 1686 2750 humeri,
1711 2693 1835 2756 quod
1858 2691 1909 2740 fit
1928 2695 2077 2742 omnis
2099 2700 2306 2759 potentia

313 2759 388 2808 seu
413 2759 565 2806 omnis
582 2771 738 2820 opera,
772 2757 832 2805 de
854 2773 946 2826 qua
968 2774 997 2805 n
1019 2774 1046 2804 :-
1061 2761 1150 2808 108
1160 2775 1203 2820 5.
1230 2773 1322 2821 493
1338 2776 1355 2808 1
1387 2758 1440 2805 ad
1468 2773 1596 2823 4937
1619 2779 1634 2814 ;
1667 2761 1720 2824 q&
1742 2773 1800 2806 ex
1822 2759 2152 2821 significatione
2175 2762 2304 2825 baju-

314 2826 420 2882 lare,
447 2824 569 2888 quod
597 2824 652 2870 fit
675 2822 815 2871 facere
837 2825 1202 2888 opera-merendi
1223 2824 1375 2879 causa·;
1402 2824 1510 2872 inde
1535 2826 1616 2887 per
1636 2824 1846 2872 inclinare
1872 2822 2119 2875 humerum
2143 2829 2203 2878 ad
2225 2831 2307 2878 ba-

305 2889 572 2957 julandum,
610 2889 889 2957 significatur
909 2889 1040 2938 omni
1055 2905 1192 2954 opera
1208 2890 1409 2939 laborare
1433 2893 1572 2953 o'pera
1595 2889 1740 2938 facere
1759 2892 1962 2943 merendi
1980 2893 2104 2942 causa
2126 2912 2138 2943 :
2173 2896 2306 2961 quod

314 2959 363 3004 id
387 2959 564 3005 dicatur
588 2954 797 3020 bajulare,
832 2955 916 3013 est,
936 2954 1057 3020 ‘quia
1081 2972 1171 3005 non
1187 2957 1368 3005 'bonum
1393 2956 1569 3005 faciunt
1600 2971 1659 3018 ex
1681 2954 1924 3006 affectione
1947 2959 2076 3017 boni,
2114 2962 2175 3010 ita
2209 2979 2301 3010 non

313 3037 370 3071 ex
393 3022 552 3079 libero,
589 3022 663 3070 sed
687 3039 746 3071 ex
779 3021 1022 3071 affectione
1054 3021 1140 3079 sui,
1173 3022 1301 3087 quod
1334 3021 1401 3078 est
1425 3023 1639 3079 servum;
1674 3039 1735 3071 n:
1776 3025 1918 3089 6390.
1989 3026 2132 3088 Qod
2157 3028 2306 3077 adhuc

315 3088 426 3136 illos³
452 3091 629 3145 attinet,
666 3091 748 3154 qui
789 3089 1047 3136 mercedem
1087 3089 1252 3138 volunt
1288 3104 1374 3153 pro
1410 3088 1626 3153 operibus
1661 3105 1768 3155 quae
1803 3090 2038 3155 praestant,
2067 3093 2307 3144 sciendum

314 3155 441 3216 quod
466 3156 686 3222 nusquam
710 3154 915 3206 contenti
939 3154 1041 3212 fint,
1076 3153 1153 3202 sed
1177 3155 1304 3221 quod
1331 3155 1626 3218 indignentur
1648 3155 1681 3203 s1
1706 3172 1797 3204 non
1824 3156 1910 3204 illis
1934 3173 2100 3207 merces
2123 3176 2220 3224 prae
2244 3177 2309 3207 re-

311 3220 470 3289 liquis,
504 3221 629 3289 fique
649 3222 811 3293 gident
834 3221 945 3293 alios
968 3223 1011 3295 l?
1032 3222 1286 3293 beatiores,
1323 3221 1485 3291 dolent
1525 3223 1575 3274 &
1599 3222 1801 3274 incusant
1821 3245 1839 3282 3
1871 3224 2201 3276 beatitudinem
2227 3242 2312 3273 nec

2136 3305 2316 3358 ponunt
2367 3342 2369 3344 ,
