2566 3640
391 160 393 163 ⁴
439 217 747 298 CAPUT
795 214 1120 308 QUADR
1129 215 1648 294 AGmMUM
1689 214 2089 290 NONUM.
2139 245 2192 310 4
2194 234 2284 304 51'

270 350 599 418 bajulandum,
637 350 862 414 fignificat
885 349 1012 416 quod
1036 348 1182 415 ulque
1203 346 1334 398 omni
1357 363 1497 416 opera
1519 349 1725 402 laboret:
1759 350 1812 400 δε
1851 351 1939 400 erit
1978 352 2152 403 tributo
2188 355 2279 403 ser-

275 420 422 482 viens,
456 419 681 483 fignificat
712 429 766 467 ut
798 429 1041 468 mereatur.

344 489 494 552 6388.
529 482 770 549 Jisaschar‚
817 485 943 551 quod
967 483 1193 549 significet
1215 483 1628 534 remunerationem
1651 501 1710 534 ex
1732 484 1963 550 operibus,
2013 485 2189 535 constat
2211 502 2270 537 ex

274 552 667 618 repraesentatione
702 551 980 617 JisaschariS,
1032 551 1166 617 quod
1192 551 1246 600 fit
1268 565 1403 599 amor
1434 563 1621 600 mutuus
1649 551 1734 616 qui
1770 567 1942 601 merces
1967 553 2038 602 feu
2062 569 2272 602 remune-

274 621 407 677 ratio,
441 620 502 668 de
524 636 619 685 qua
641 635 702 667 n:
730 619 875 685 3956.
902 634 1032 685 3957
1054 639 1069 674 ς
1117 617 1190 666 hic
1213 618 1520 666 remuneratio
1540 635 1599 667 ex
1621 620 1856 683 operibus,
1904 633 1956 668 ut
1978 632 2104 683 patet
2127 636 2152 667 a
2175 621 2265 668 fin-

274 687 398 749 gulis
415 688 461 735 in
482 685 610 734 sensu
628 686 826 743 interno,
859 701 966 749 quae
981 685 1026 732 in
1045 685 1132 735 hoc
1150 684 1420 749 prophetico
1437 684 1495 732 de
1507 684 1755 746 Jisaschare
1771 685 2014 740 dicuntur;
2049 685 2269 747 jisaschar

272 754 416 801 etiam
439 754 486 801 in
510 753 700 818 Lingua
735 751 947 816 originali
986 751 1212 814 fignificat
1247 750 1522 800 mercedem.
1595 750 1746 818 Qiod
1783 751 2004 816 Jilaschar
2031 753 2267 816 significet

272 818 352 868 hic
376 820 789 869 remunerationem
812 834 870 866 ex
891 819 1124 882 operibus,
1174 833 1226 865 ac
1259 817 1385 880 prius
1412 832 1619 866 amorem
1653 829 1883 874 mutuum,
1932 817 1998 866 est
2029 820 2141 883 quia
2178 836 2265 884 per

269 885 304 947 J
310 885 570 934 isascharem
594 886 671 933 hic
702 884 1021 946 intelliguntur
1045 884 1110 932 illi
1146 885 1231 948 qui
1255 883 1301 930 in
1324 882 1527 947 quadam
1552 882 1695 948 specie
1719 885 1767 932 δι
1793 886 2059 948 apparentia
2088 887 2260 944 amoris

211 997 219 1002 .
274 953 447 1009 mutui,
481 952 572 1000 hoc
593 951 676 1008 est,
709 950 937 999 charitatis
954 965 1060 1015 erga
1084 950 1352 1015 proximum
1371 948 1491 1008 sunt,
1515 950 1566 999 &
1589 963 1776 1015 propter
1798 950 1919 999 bona
1933 966 2043 1016 quae
2065 950 2262 1011 faciunt,

266 1019 542 1068 remunerari
577 1018 774 1076 volunt3
820 1033 872 1066 ac
895 1016 958 1066 ita
985 1032 1195 1065 amorem
1226 1016 1480 1079 genuinum
1511 1029 1731 1066 mutuum
1765 1016 1841 1067 seu
1873 1016 2140 1067 charitatem
2164 1034 2260 1070 non

270 1085 417 1134 modo
433 1083 692 1148 inquinant,
727 1083 803 1132 sed
826 1083 967 1133 etiam
991 1095 1258 1149 pervertunt
1276 1103 1293 1138 ς
1328 1083 1411 1147 qui
1434 1083 1627 1132 enimin
1644 1085 1850 1146 genuino
1868 1083 1947 1133 illo
1962 1099 2121 1133 amore
2139 1084 2256 1145 sunt,

266 1151 315 1200 in
350 1151 432 1199 suo
443 1151 655 1214 jucundo
677 1153 730 1202 δε
752 1151 888 1200 beato
912 1151 1034 1208 sunt,
1086 1165 1194 1199 cum
1219 1150 1510 1199 benefaciunt
1533 1152 1768 1214 proximo,
1820 1166 1929 1199 nam
1961 1150 2076 1199 nihil
2106 1151 2258 1216 potius

270 1217 557 1274 defiderant;
592 1218 640 1267 id
653 1216 920 1282 jucundum
942 1218 994 1267 δε
1015 1216 1066 1265 id
1090 1217 1275 1266 beatum
1297 1215 1379 1274 est,
1412 1217 1542 1280 quod
1567 1232 1649 1281 per
1672 1217 1929 1265 mercedem
1954 1217 2000 1266 in
2016 1217 2175 1268 Verbo
2191 1218 2261 1267 in·

263 1284 509 1348 telligitur,
544 1300 652 1334 nam
669 1285 819 1350 ipsum
837 1283 1101 1349 jucundum
1124 1283 1199 1332 seu
1223 1283 1408 1332 beatum
1431 1282 1496 1331 est
1518 1298 1706 1341 merces,
1728 1283 1845 1332 &id
1865 1283 1912 1332 in
1934 1284 2070 1333 altera
2085 1286 2179 1334 vita
2196 1286 2257 1335 fit

262 1351 485 1414 gaudium
500 1351 552 1401 &
565 1349 751 1400 felicitas
772 1368 884 1417 quae
907 1349 956 1398 in
967 1351 1109 1409 coelo,
1132 1351 1195 1399 ita
1218 1351 1273 1398 fit
1289 1349 1377 1398 illis
1391 1348 1592 1404 coelum;
1617 1366 1726 1399 nam
1739 1351 1821 1415 qui
1837 1350 1900 1399 ibi
1925 1350 1971 1398 in
1993 1365 2150 1400 amore
2167 1351 2255 1401 illo

259 1417 380 1475 sunt,
414 1433 521 1467 cum
538 1417 639 1480 usus
655 1417 885 1483 praestant,
918 1417 970 1467 &
987 1418 1107 1466 bona
1123 1416 1226 1466 aliis
1252 1415 1446 1474 faciunt,
1483 1416 1529 1465 in
1548 1416 1624 1464 tali
1638 1417 1809 1481 gaudio
1827 1418 1875 1466 δι
1894 1415 2108 1467 felicitate
2130 1419 2253 1478 sunt,

264 1498 319 1533 ut
342 1484 580 1535 videantur
602 1484 684 1534 fibi
708 1498 821 1534 tunc
835 1483 1046 1550 primum
1067 1483 1155 1533 esse
1178 1482 1226 1532 in
1241 1483 1398 1540 coelo}
1422 1483 1510 1532 hoc
1531 1483 1667 1533 datur
1688 1483 1776 1532 illis
1796 1483 2063 1541 aDomino‚
2084 1485 2257 1551 cuique
2312 1533 2318 1537 ,

263 1550 515 1600 secundum
537 1549 671 1600 usus:
720 1550 798 1599 sed
820 1550 1010 1599 felicitas
1034 1550 1112 1597 illa
1131 1549 1375 1606 evanescit,
1409 1560 1463 1598 ut
1483 1549 1689 1614 primum
1710 1549 1772 1598 de
1794 1551 2152 1599 remuneratione
2173 1567 2255 1601 oo-

262 1619 435 1682 gitant,
471 1633 596 1666 ⁴nam
621 1617 846 1681 cogitatio
864 1617 925 1666 de
947 1616 1313 1665 remuneratione
1346 1630 1457 1664 cum
1494 1628 1649 1664 tamen
1682 1615 1731 1664 in
1767 1615 1862 1680 ipsa
1892 1619 2255 1668 remuneratione

262 1685 386 1742 sunt,
419 1699 628 1733 amorem
653 1683 788 1732 illum
805 1683 1046 1747 impurum
1067 1681 1222 1730 reddit
1243 1683 1294 1731 δι
1318 1681 1566 1746 pervertit;
1598 1681 1725 1731 causa
1746 1683 1829 1741 est,
1861 1683 1972 1748 quia
1993 1696 2103 1734 tunc
2124 1685 2184 1734 de
2207 1685 2257 1734 se

257 1751 487 1814 cogitant,
535 1752 587 1800 ὅτ
607 1765 702 1799 non
723 1750 782 1798 de
804 1749 1040 1814 proximo,
1093 1763 1262 1813 nempe
1284 1760 1339 1798 ut
1360 1747 1506 1797 semet
1537 1747 1692 1797 felices
1723 1749 1934 1807 reddant,
1982 1765 2076 1800 non
2098 1764 2255 1802 autem

257 1817 392 1876 alios,
426 1816 509 1866 nisi
531 1828 760 1881 quantum
783 1815 825 1864 se
844 1837 861 1871 ;
894 1816 957 1863 ita
979 1829 1186 1864 amorem
1206 1830 1315 1878 erga
1338 1814 1608 1880 proximum
1631 1827 1820 1864 vertunt
1842 1817 1889 1864 in
1909 1831 2116 1867 amorem
2139 1834 2251 1882 erga

261 1883 342 1939 se;
393 1883 444 1932 &
465 1894 688 1947 quantum
713 1883 802 1931 hoc
832 1881 1020 1939 faciunt,
1056 1893 1238 1931 tantum
1259 1880 1351 1929 illis
1373 1897 1467 1929 non
1496 1882 1825 1930 communicari
1847 1882 1998 1946 potest
2019 1884 2250 1948 gaudium

258 1952 312 2000 δε
336 1950 518 2000 felicitas
541 1962 601 1999 ex
621 1948 762 2006 coelo,
794 1960 1085 1998 concentrant
1101 1947 1228 1995 enim
1247 1947 1481 1996 influxum
1504 1946 1648 1997 felicis
1665 1964 1691 1996 e
1707 1948 1833 1997 coelo
1850 1949 1897 1996 in
1916 1949 1975 2006 se,
2012 1965 2097 1999 nec
2113 1950 2250 2000 illum

255 2016 565 2067 transmittunt
579 2015 639 2065 ad
654 2014 786 2074 alios,
820 2015 1014 2081 suntque
1033 2013 1201 2064 ssmiles
1217 2011 1425 2077 objectis,
1457 2029 1569 2077 quae
1585 2014 1738 2063 radios
1757 2013 1870 2064 lucis
1888 2031 1981 2064 non
2001 2017 2249 2067 remittunt

258 2082 338 2133 sed
360 2082 619 2142 absorbent,
655 2081 732 2131 illa
753 2080 932 2146 objecta
952 2093 1174 2147 apparent
1196 2081 1242 2128 in
1265 2079 1387 2137 luce,
1421 2096 1476 2129 ae
1497 2081 1701 2138 rutilant,
1736 2080 1837 2130 haec
1851 2094 2008 2131 autem
2032 2085 2079 2132 in
2098 2099 2249 2149 opaco

255 2150 365 2200 sunt
385 2151 438 2200 ὅτ
459 2153 639 2215 prorsus
661 2165 756 2199 non
771 2148 960 2198 rutilant
976 2169 993 2204 ς
1061 2158 1308 2213 uapropter
1329 2146 1410 2205 illi,
1457 2147 1539 2212 qui
1561 2148 1671 2196 tales
1692 2146 1810 2204 sunt,
1845 2147 2105 2212 separantur
2127 2167 2153 2198 e
2175 2150 2247 2199 so-

252 2217 416 2266 cietate
437 2217 663 2279 angelica,
709 2215 823 2264 ficut
842 2214 924 2281 qui
947 2213 1042 2264 nihi
1083 2229 1334 2265 commune
1354 2229 1464 2263 cum
1486 2213 1611 2265 coelo
1634 2214 1836 2264 habent:
1871 2215 1922 2263 hi
1941 2215 2045 2265 sunt
2064 2216 2146 2283 qui
2168 2217 2246 2267 hic

252 2282 571 2333 describuntur
592 2299 674 2349 per
696 2282 1008 2346 Jisascharem.

324 2350 471 2415 6389.
507 2349 679 2399 Asinus
698 2349 868 2408 omens,
902 2347 1030 2414 quod
1053 2346 1278 2413 fignificet
1300 2346 1536 2398 servitium
1561 2346 1794 2405 infimum,
1827 2347 2004 2398 constat
2024 2364 2084 2397 ex
2102 2349 2244 2412 figni-

253 2415 468 2466 ficatione
489 2415 623 2476 alini,
671 2415 797 2480 quod
821 2416 877 2464 fit
896 2414 1154 2473 servitium,
1202 2415 1262 2463 de
1283 2432 1375 2481 qua
1400 2431 1460 2463 n:
1486 2417 1632 2480 5958.
1659 2430 1787 2480 5959
1805 2433 1825 2470 ·,
1857 2416 1911 2465 &
1933 2432 1993 2465 ex
2015 2416 2242 2479 fignifica-

250 2481 381 2533 tione
402 2483 520 2541 offis,
570 2482 698 2548 quod
722 2481 776 2531 fit
797 2481 847 2531 id
868 2480 999 2548 quod
1022 2496 1186 2546 parum
1209 2481 1324 2531 vitae
1346 2481 1590 2547 spiritualis
1612 2481 1768 2538 habet,
1813 2481 1872 2531 de
1891 2498 1985 2548 qua
2002 2498 2061 2531 n:
2087 2484 2236 2544 5560.

253 2549 380 2611 5561
410 2568 429 2604 ς
461 2549 523 2598 ita
543 2550 689 2599 afinus
709 2546 857 2598 osseus
878 2548 946 2597 est
966 2547 1204 2597 servitium
1231 2547 1443 2597 infimum
1463 2568 1480 2604 ς
1515 2549 1598 2612 qui
1622 2546 1750 2597 enirn
1772 2546 1951 2597 bonum
1974 2547 2151 2598 faciunt
2168 2566 2242 2599 re·

249 2615 580 2664 munerationis
594 2614 740 2674 causa,
773 2613 964 2679 quidem
982 2613 1087 2663 usus
1103 2612 1337 2678 praestant‚
1370 2630 1422 2663 ac
1441 2612 1710 2672 inserviunt,
1746 2613 1822 2662 sed
1838 2614 1979 2681 usque
1997 2614 2100 2664 sunt
2118 2615 2238 2666 inter

247 2682 350 2731 illos
371 2682 418 2729 in
438 2682 610 2745 Regno
624 2681 838 2739 Domini,
871 2681 1020 2747 quiin
1039 2681 1204 2730 infimo
1220 2679 1467 2740 locolsunt,
1502 2696 1612 2728 narn
1636 2695 1730 2727 non
1751 2679 2014 2745 dispensant
2035 2682 2234 2742 bonum,

244 2749 376 2814 quod
402 2747 489 2796 illis
508 2747 900 2807 communicatur,
934 2763 1077 2813 quam
1114 2761 1222 2809 erga
1254 2747 1358 2798 illos
1391 2747 1475 2812 qui
1500 2746 1747 2795 retribuere
1783 2747 1981 2812 pofl‘unt,
2018 2748 2232 2814 reliquos,

245 2815 325 2878 qui
351 2816 454 2879 opis
492 2816 696 2864 maxime
720 2814 949 2880 indigent,
977 2825 1293 2878 «pra-,teretium
1327 2815 1379 2864 δε
1401 2815 1436 2863 st
1462 2812 1530 2864 his
1551 2812 1727 2862 bonum
1757 2811 1945 2869 faciunt,
1980 2815 2035 2863 fit
2056 2831 2114 2863 ex
2138 2817 2233 2864 fine

247 2882 620 2930 remunerationis
635 2881 907 2939 aDomino,
942 2892 1054 2928 tunc
1071 2880 1119 2928 id
1137 2879 1266 2945 quod
1289 2880 1479 2938 faciunt,
1514 2891 1570 2928 ut
1591 2879 1811 2927 meritum
1837 2881 2058 2944 spectant,
2093 2897 2142 2931 ac
2167 2884 2231 2932 ita

247 2947 614 2997 Misericordiam
650 2947 847 2997 Domini
868 2959 925 2996 ut
944 2946 1156 2996 debitum
1177 2966 1192 3002 ς
1237 2945 1298 2996 sic
1322 2947 1538 2997 recedunt
1559 2945 1616 2993 ab
1639 2945 1979 3005 humiliatione,
2015 2949 2066 2996 δε
2087 2965 2233 3014 quan—

248 3025 351 3071 tum
372 3015 431 3064 ab
453 3015 555 3072 hac,
589 3027 768 3063 tantum
794 3029 823 3062 a
842 3013 960 3062 statu
982 3011 1256 3076 receptionis
1278 3014 1394 3064 bati
1419 3015 1470 3062 δε
1493 3011 1634 3059 felicis
1657 3027 1738 3074 per
1760 3014 1937 3062 coelum
1955 3031 1979 3062 a
1997 3015 2226 3064 Domine.

249 3079 417 3194 Exshis
438 3082 637 3131 constare
655 3079 821 3147 potest,
870 3079 1000 3147 quod
1022 3079 1071 3128 in
1093 3079 1226 3129 altera
1249 3081 1341 3132 vita
1361 3080 1552 3148 quidem
1581 3078 1882 3128 adhibeantur
1902 3081 1960 3130 ad
1982 3082 2099 3139 usus,
2149 3082 2228 3132 sed

247 3159 303 3194 ut
344 3147 500 3196 ervitia
522 3148 699 3199 infima.

316 3213 462 3279 6390.
496 3214 679 3267 Cubans
711 3217 828 3268 inter
851 3213 1055 3274 sarcina&
1102 3214 1235 3280 quod
1255 3214 1482 3281 significet
1513 3217 1663 3268 vitam
1684 3216 1803 3266 inter
1819 3229 1978 3280 opera,
2008 3197 2185 3292 ‘const-at
2204 3231 2230 3263 a

1046 3280 1092 3332 L
1117 3281 1171 3332 Η
1210 3296 1237 3331 2
1903 3282 2234 3347 significatione
