2566 3640
426 191 739 270 CAPUT
779 188 1638 282 QUADRAGESIMUM
1690 181 2094 286 NONUM.
2145 218 2286 286 447

272 331 334 380 'ro
355 330 420 380 ibi
433 329 575 378 etiam
592 327 652 376 de
667 327 808 382 bono,
830 322 1044 379 videatur
1068 340 1125 372 n:
1148 324 1179 373 6
1181 341 1208 390 3
1217 323 1297 387 43',
1333 324 1421 374 hoc
1443 335 1628 390 apparet
1641 325 1923 390 quandoque
1939 324 2050 373 ficut
2067 326 2275 388 repetitio

281 397 485 466 ejusdem·
506 397 591 452 rei,
625 395 738 444 ficut
756 393 831 440 hic
883 399 918 421 “
938 390 1089 439 Lavat
1111 392 1158 439 in
1182 393 1284 440 vino
1306 393 1595 454 vestimentum
1619 391 1770 457 suum,
1805 393 1857 441 &
1880 392 1925 439 in
1934 393 2141 455 sanguine
2163 410 2276 440 uva·

278 481 378 515 rum
391 463 583 513 velamen
600 456 732 510 suum
751 458 784 480 ’'
818 457 897 506 ubi
914 458 1077 506 vinum
1096 458 1145 506 &
1163 457 1346 521 sanguis
1379 476 1574 509 uvarum
1608 472 1835 524 apparent·
1858 457 2015 508 fimilia
2039 459 2144 515 effe,
2171 473 2271 508 tum

277 530 605 580 vestimentum
628 530 678 577 &
701 527 912 575 velamen
930 544 954 581 ς
981 525 1172 574 sednon
1197 525 1299 575 sunt
1322 527 1500 583 similia,
1546 527 1654 592 quia
1681 526 1937 575 Externum
1961 527 2010 574 &
2034 527 2274 575 Internum

278 598 343 648 ita
354 599 691 661 exprimuntur.
761 593 905 658 Qod
929 591 1110 657 sanguis
1127 609 1319 641 uvarum
1338 595 1390 642 fit
1414 594 1644 642 Divinum
1663 594 1848 643 Bonum
1871 609 1929 642 ex
1947 593 2123 643 Divino
2146 609 2277 640 amo-

279 681 330 714 re
355 663 573 720 Domini,
609 673 733 727 patet
753 677 781 709 a
803 659 1133 724 significatione
1158 659 1404 724 sanguinis,
1449 660 1577 726 quod
1602 660 1653 709 fit
1678 661 1910 708 Divinum
1935 661 2114 708 Verum
2139 676 2162 707 a
2186 661 2274 708 Di-

277 731 391 779 vino
408 732 538 778 Bono
555 729 768 783 Domini,
803 727 862 774 de
877 741 972 791 quo
990 742 1044 773 n:
1066 743 1161 789 473
1171 743 1218 788 5,
1255 727 1304 774 &
1320 743 1404 791 per
1419 744 1528 776 uvas
1547 727 1590 775 ln
1610 728 1826 791 supremo
1848 727 1969 775 sensu
1993 727 2273 790 fignificatur

278 798 514 848 Divinum
538 797 719 844 Bonum
746 794 964 849 Domini,
998 794 1124 858 quod
1150 794 1236 840 illis
1259 796 1343 858 qui
1365 794 1411 842 in
1436 795 1604 858 Regno
1629 794 1850 858 spirituali
1877 793 2036 858 Ipfius,
2088 793 2138 841 &
2164 794 2273 842 inde

277 881 362 930 per
380 878 491 912 uvas
515 864 560 910 in
585 861 714 910 sensu
738 858 990 924 respectivo
1013 859 1293 923 significatur
1314 861 1491 908 bonum
1513 860 1739 907 charitatis
1763 878 1822 909 n:
1850 878 1905 924 51
1925 875 1999 922 17.
2069 860 2157 907 Per
2178 860 2276 908 san-

276 931 469 996 guinem
484 945 594 977 uvae
616 927 762 977 fimile
784 928 920 974 etiarn
947 924 1221 988 significatur
1243 927 1508 986 inCantico
1530 927 1652 990 apud
1679 926 1846 975 Mosen
1899 936 1932 957 “
1957 927 2184 989 Butyrum
2207 943 2276 974 ar-

277 999 444 1054 menti,
482 997 533 1044 &
549 995 616 1043 lac
638 995 811 1059 gregiS,
845 1006 958 1040 cum‘
977 993 1112 1056 adipe
1135 1008 1381 1055 agnorum,
1408 995 1467 1041 .&
1491 993 1685 1040 arietum
1705 993 1908 1043 filiorum
1933 992 2185 1049 Baschanis,
2221 995 2273 1042 &

276 1064 510 1112 hircorum
532 1077 643 1110 cum
665 1060 802 1125 adipe
826 1075 988 1126 renum
1014 1058 1168 1117 tritici,
1203 1059 1255 1107 &
1271 1061 1526 1124 stinguinem
1558 1076 1658 1109 uvae
1689 1059 1812 1120 bibis,
1865 1058 2080 1109 merum''
2117 1060 2276 1108 Deut:

276 1147 403 1179 xxu
425 1148 441 1177 .·
482 1145 557 1188 14.
931 1154 935 1155 ν
2208 1147 2211 1149 “

345 1196 493 1262 6379.
528 1195 690 1243 Ruber
706 1194 850 1243 oculis
872 1209 898 1241 a
919 1192 1048 1251 vino,
1084 1193 1209 1259 quod
1232 1193 1455 1259 significet
1479 1193 1784 1242 Intellectuale
1810 1193 1886 1241 seu
1909 1193 2139 1243 Internum
2162 1194 2275 1242 Hu-

278 1279 472 1314 manum
496 1279 588 1311 non
613 1263 670 1311 fit
692 1262 775 1310 nis1
796 1261 991 1317 bonurn,
1026 1261 1197 1310 constat
1232 1277 1291 1309 ex
1312 1262 1643 1327 significatione
1666 1260 1811 1318 rubri,
1846 1261 1973 1325 quod
2008 1262 2062 1310 fit
2095 1263 2272 1311 bonum

278 1331 467 1387 amoris,
502 1330 554 1376 &
588 1329 678 1378 hoc
716 1345 775 1376 ex
825 1329 933 1393 igne
965 1329 1017 1376 &
1049 1343 1106 1375 ex
1139 1327 1373 1393 sanguine,
1406 1345 1537 1394 ‘quae
1569 1331 1751 1385 rubent,
1787 1327 1845 1374 de
1876 1344 1970 1392 qua
2003 1344 2063 1375 n:
2105 1344 2271 1393 33003

277 1399 386 1446 inde
426 1396 562 1445 ruber
603 1412 633 1444 a
659 1396 788 1452 vino,
841 1395 906 1442 est
940 1395 1067 1459 quod
1102 1411 1194 1442 non
1230 1395 1286 1443 fit
1320 1396 1404 1444 nifi
1439 1397 1652 1451 bonum3
1701 1410 1758 1443 ex
1780 1394 2124 1456 -fignificatione
2164 1411 2274 1443 ocu-

276 1465 452 1521 lorum,
487 1463 618 1528 quod
638 1462 692 1510 fit
714 1462 1036 1518 intellectuale,
1072 1461 1129 1512 de
1151 1477 1242 1525 qua
1280 1478 1309 1509 n
1331 1479 1342 1509 :
1381 1477 1527 1528 2701.
1556 1465 1701 1526 3820.
1728 1477 1856 1523 4403
1883 1460 1938 1507 ad
1963 1477 2112 1523 4421.
2138 1476 2269 1526 4523

275 1532 334 1580 ad
360 1547 528 1594 4534·,
561 1531 612 1578 δι’.
646 1529 755 1593 quia
777 1529 835 1575 de
870 1529 1082 1576 Domino
1116 1528 1190 1575 hic
1213 1528 1381 1592 agitur,
1415 1528 1482 1576 est
1521 1529 1757 1577 Internum
1794 1528 2073 1576 Humanum
2112 1529 2272 1592 Ipfius,

275 1599 408 1664 quod
431 1614 513 1662 per
536 1595 841 1644 Intellectuale
863 1595 938 1642 hic
959 1595 1244 1657 intelligitur,
1279 1611 1388 1646 nam
1410 1595 1670 1644 Externum
1690 1594 1967 1642 Humanum
1988 1595 2276 1657 significatur

192 1673 195 1677 '
274 1681 358 1731 per
380 1664 509 1729 quod
531 1662 660 1710 albus
681 1661 895 1710 dentibus
917 1677 943 1708 a
964 1661 1095 1719 lacte,
1132 1675 1183 1709 u't
1207 1678 1328 1709 nunc
1352 1662 1567 1727 sequitur.

264 1752 269 1758 =
346 1731 492 1796 6380.
531 1729 598 1778 Et
620 1729 749 1778 albus
766 1727 979 1776 dentibus
1010 1744 1036 1775 a
1068 1729 1202 1785 laete,
1271 1729 1364 1776 uod
1399 1730 1623 1790 fignificet
1654 1728 1783 1793 quod
1803 1728 2035 1777 Divinum
2076 1728 2273 1791 naturale

276 1814 371 1847 non
406 1799 459 1846 fit
491 1796 574 1845 nifi
606 1811 750 1859 quam
784 1796 958 1844 bonum
992 1796 1110 1851 veri,
1163 1745 1337 1842 conitar
1359 1810 1396 1842 xa
1428 1794 1755 1859 fignificatione
1793 1796 1898 1852 albi,
1933 1796 2060 1861 quod
2103 1796 2274 1861 praedi·

277 1878 407 1912 cetur
443 1864 498 1910 de
530 1878 659 1918 vero,
694 1862 753 1908 de
787 1878 881 1926 qua
912 1878 974 1908 n:
1002 1877 1148 1926 3301.
1176 1878 1320 1926 3993.
1359 1878 1507 1925 4007.
1550 1878 1711 1926 53193
1747 1877 1771 1908 a
1794 1861 2123 1925 significatione
2158 1864 2273 1911 den·
2341 1889 2345 1893 -

276 1932 414 1988 tium,
452 1929 581 1994 quod
606 1932 652 1976 in
677 1930 879 1992 genuino
915 1927 1039 1976 sensu
1076 1928 1162 1975 s1nt
1202 1929 1440 1984 naturale,
1475 1945 1585 1994 quae
1607 1929 1731 1977 enim
1757 1927 1867 1975 dura
1907 1928 2010 1976 sunt
2046 1929 2165 1993 apud
2190 1931 2274 1978 ho-

277 1997 474 2054 minem,
512 1998 622 2044 ficut
659 1995 976 2052 dentes,‘offa,
1028 1995 1332 2057 cartilagines,
1366 1996 1720 2058 correspondent
1758 1997 1875 2042 veris
1909 1997 1959 2043 ὅτ
1996 1996 2128 2044 bonis
2162 2012 2268 2061 quae

277 2063 564 2113 sunt'infimi
601 2061 851 2118 naturalis;
886 2063 935 2110 δε
971 2077 1027 2111 ex
1062 2062 1390 2124 significatione
1428 2063 1568 2121 lactis,
1621 2062 1758 2128 quod·
1788 2061 1841 2109 sit
1874 2062 2055 2110 coeleste
2092 2062 2272 2127 spiritu*

278 2132 369 2189 ale,
417 2130 492 2178 seu
527 2131 654 2195 quod
678 2130 821 2186 idem,
860 2130 1033 2177 bonum
1057 2129 1170 2183 veri,
1205 2129 1263 2176 de
1294 2145 1388 2193 qua
1423 2127 1493 2176 n:'
1519 2131 1665 2189 2184.
1737 2128 1878 2194 Qod
1906 2129 2137 2177 Divinum
2168 2130 2270 2177 Na-

277 2198 425 2247 turale
458 2197 655 2245 Domini
691 2196 864 2244 dicatur
887 2198 1062 2244 bonum
1086 2195 1213 2258 Veri,
1249 2195 1311 2242 est
1351 2195 1601 2261 respeffive
1636 2196 1692 2242 ad
1731 2195 1943 2244 homines
1976 2196 2059 2260 qui
2094 2197 2141 2243 in
2176 2198 2271 2244 fide

278 2267 329 2314 δε
370 2266 417 2312 in
450 2280 607 2324 amore
641 2265 686 2310 in
714 2265 977 2311 Dominum
1003 2264 1134 2317 sunt;
1169 2263 1251 2326 qui
1277 2264 1402 2310 enim
1428 2265 1487 2312 ab
1509 2248 1711 2310 'Ecclesia
1735 2275 1922 2309 externa
1946 2254 2065 2319 sunt,
2103 2263 2167 2310 illi
2191 2280 2271 2311 co-

279 2331 551 2395 gitationem
588 2346 680 2379 non
710 2330 843 2377 altius
879 2330 1058 2378 elevare
1087 2329 1273 2393 possunt
1294 2345 1434 2394 quam
1470 2331 1524 2377 ad
1549 2330 1779 2378 Divinum
1800 2329 2022 2376 Naturale
2040 2330 2232 2377 Domini
2253 2353 2270 2385 ;

281 2411 326 2445 at
349 2397 428 2462 qui
446 2397 506 2444 ab
523 2396 722 2446 Ecclesia
741 2398 915 2445 interna
932 2397 1056 2454 sunt,
1079 2397 1260 2444 elevant
1279 2396 1406 2460 supra
1426 2398 1623 2444 naturale
1640 2396 1697 2444 ad
1718 2397 1984 2450 Internum3
2009 2412 2116 2443 nam
2135 2399 2272 2445 unuf-

279 2464 475 2528 quisque
496 2464 643 2526 quiin
664 2463 818 2513 fidein
836 2464 1099 2512 Dominum
1118 2463 1198 2519 est,
1235 2462 1388 2511 ideam
1423 2465 1481 2511 de
1504 2463 1606 2527 Ipso
1640 2463 1774 2510 habet
1809 2463 2054 2510 secundum
2082 2463 2271 2511 faculta-

282 2544 377 2578 tem
408 2529 618 2578 elevandi
636 2530 967 2593 cogitationem
1003 2531 1080 2595 qui
1108 2531 1231 2577 enirn
1252 2530 1395 2577 sciunt
1417 2530 1530 2593 quid
1553 2531 1801 2585 Internum,
1840 2529 1903 2576 illi
1927 2530 2076 2576 ideam
2098 2530 2267 2578 Interni

282 2598 445 2645 habere
469 2596 671 2660 possunt,
705 2598 782 2661 qui
809 2611 966 2645 autem
991 2613 1079 2644 non
1106 2597 1251 2644 sciunt
1274 2598 1385 2660 quid
1409 2597 1644 2644 Internum
1672 2596 1822 2643 ideam
1846 2595 2038 2643 Externi
2065 2597 2233 2645 habent
2252 2620 2268 2652 ·,

281 2663 384 2711 inde
403 2662 485 2718 est,
502 2663 628 2726 quod
650 2663 879 2711 Divinum
900 2664 1121 2728 Naturale
1139 2663 1335 2710 Domini
1354 2664 1534 2711 dicatur
1552 2665 1729 2711 Bonum
1745 2663 1874 2720 Veri,
1898 2678 2007 2710 cum
2026 2675 2180 2711 tamen
2200 2662 2270 2714 to-

279 2745 384 2779 tum
416 2730 690 2777 Humanum
723 2730 866 2793 Ipsius
890 2730 953 2778 est
977 2730 1203 2779 Divinum
1223 2731 1406 2778 Bonum
1426 2731 1588 2778 Divini
1613 2732 1794 2778 amoris.

349 2799 493 2859 6381.
531 2795 608 2843 Ex
627 2796 695 2842 his
718 2812 836 2843 nunc
852 2811 960 2860 quae
982 2797 1039 2844 de
1059 2796 1270 2861 Jehudah
1293 2797 1413 2844 dieta
1434 2796 1548 2854 sunt,
1587 2810 1713 2861 patet
1731 2795 1987 2853 manifeste,
2023 2797 2151 2861 quod
2173 2798 2268 2846 sen-

276 2864 347 2913 sus
370 2866 574 2911 internus
596 2862 740 2909 Verbi
781 2862 852 2919 fit,
887 2864 937 2911 δε
970 2865 1097 2928 quod
1135 2863 1213 2911 nisi
1242 2861 1401 2911 sciatur
1432 2865 1543 2928 quid
1585 2864 1730 2911 sensus
1757 2864 1846 2915 ,ille
1872 2863 2085 2920 involvit,
2123 2865 2268 2912 nulla-

256 2944 409 2988 3tenus
445 2929 540 2978 sciri
577 2930 729 2992 poffit,
752 2968 754 2970 ,
780 2930 892 2992 quid
930 2929 1186 2993 fignificant
1221 2947 1329 2994 quae
1363 2930 1424 2979 ibi
1461 2930 1520 2976 de
1555 2931 1652 2987 illo,
1690 2944 1743 2978 ut
1766 2930 1882 2994 quid
1906 2931 2078 2977 catulus
2102 2931 2265 2988 leonis,

277 2997 407 3061 quod
458 3012 483 3043 a
518 2995 673 3060 praeda
705 2995 967 3051 ascenderit,
1014 3000 1269 3062 curvaverit
1312 2996 1391 3057 se„
1423 2997 1472 3044 &
1507 2998 1716 3045 cubuerit
1766 2998 1877 3044 sicut
1915 2996 2006 3054 leo,
2056 2999 2106 3045 δε
2155 2999 2267 3047 ficut

280 3060 356 3110 leo
385 3062 589 3118 semim,
642 3061 752 3125 quid
790 3062 1010 3124 fignificat
1045 3063 1272 3125 legissator
1318 3064 1376 3109 ab
1402 3063 1526 3111 inter
1560 3065 1699 3129 pedes
1746 3062 1856 3126 ejuS,
1906 3063 2019 3127 quid
2060 3064 2263 3121 Schiloh,

278 3129 403 3192 quid-
427 3129 613 3190 alligare
646 3128 703 3176 ad
739 3128 888 3178 vitem
933 3129 1112 3177 asellum
1150 3130 1301 3187 suurn,
1353 3131 1404 3178 &
1436 3130 1492 3176 ad
1529 3132 1672 3178 vitem
1708 3129 1995 3194 praestantem
2032 3131 2183 3178 filium
2219 3146 2266 3176 a-

278 3195 390 3245 finae
422 3193 531 3252 suae,
564 3195 678 3260 quid
713 3195 863 3244 lavare
897 3195 943 3243 in
977 3198 1097 3244 vino
1125 3196 1471 3254 vestimentum,
1507 3198 1556 3245 δε
1587 3198 1632 3244 in
1668 3197 1884 3260 sanguine
1918 3212 2110 3245 uvarum
2147 3196 2267 3244 vela-

270 3277 408 3330 men,
458 3260 572 3326 quid
606 3262 742 3332 ruber
775 3264 863 3314 effe
897 3262 1041 3314 oculis
1075 3279 1101 3312 a
1135 3265 1262 3323 vino,
1298 3265 1350 3313 ὅτ
1381 3263 1508 3314 albus
1541 3263 1755 3314 dentibus
1790 3280 1814 3313 a
1849 3263 1989 3312 lacte.-
2042 3264 2142 3311 haec
2166 3278 2268 3309 orn-

966 3349 969 3354 *
2193 3345 2267 3378 ma
