2566 3640
298 269 435 353 452
655 257 710 326 G
854 254 921 323 E
1055 250 1144 322 N
1276 242 1926 320 Essa

380 388 526 448 6408.
563 385 643 434 Ab
661 383 875 436 Aschere‚
899 379 1026 445 quod
1046 373 1797 442 significetbeatumaffestionum,
1822 391 1988 441 nempe
2005 377 2277 439 coelestium,

312 470 418 520 quae
441 454 540 501 sunt
562 451 726 498 amoris
751 450 793 495 in
820 447 1102 501 Dominum,
1156 445 1206 492 &
1227 442 1452 490 charitatis
1476 455 1582 502 erga
1595 442 1888 504 proximum,
1940 444 2111 491 constat
2133 462 2189 493 ex
2213 463 2280 493 re·

315 518 657 585 praesentatione
694 513 915 569 AscheriS‚
966 510 1090 575 quod
1113 511 1166 558 fit
1189 508 1374 556 felicitas
1393 506 1502 553 vitae
1523 520 1724 561 aeternae,
1747 566 1750 571 .
1770 508 1824 555 &
1859 510 2042 557 beatum
2076 511 2280 559 affectio-

318 601 448 639 num,
484 584 540 628 de
563 597 652 644 qua
677 596 732 625 n:
759 581 902 641 3938.
925 592 1052 640 3939
1074 597 1089 630 ·,
1126 575 1299 623 Ascher
1321 575 1455 637 etiam
1474 588 1500 618 a
1517 570 1796 620 beatitudine
1814 572 1960 621 dietus
1983 577 2062 623 est.
2133 578 2279 643 Qod

317 648 650 698 Beatitudimm
686 644 810 691 illam
843 645 1018 698 attinet,
1076 641 1149 706 illa
1163 655 1260 688 ‘non
1285 638 1415 687 facile
1444 636 1628 684 describi
1662 636 1825 700 potest,
1869 654 1927 686 ex
1948 642 2073 688 causa
2094 643 2200 705 quia
2218 644 2283 692 est

320 718 511 769 interna,
547 714 595 759 &
620 726 716 758 raro
737 709 856 773 apud
881 708 1083 772 aliquem
1105 707 1147 753 in
1168 705 1314 770 ipsum
1333 719 1496 767 corpus
1518 701 1560 748 se
1582 701 1756 764 exserit,
1793 702 1853 750 ita
1875 719 1974 751 raro
1997 706 2052 752 ad
2072 707 2246 756 sensum
2266 732 2282 766 3

319 782 464 828 homo
483 777 622 832 enim,
656 775 771 822 dum
790 775 833 820 in
859 789 1044 836 corpore
1066 771 1200 826 vivit,
1248 770 1459 818 distincie
1490 769 1622 816 sentit
1653 768 1729 815 illa
1768 784 1876 832 quae
1898 770 2094 818 existunt
2116 774 2162 819 in
2185 789 2282 823 cor-

320 861 448 910 pore,
485 844 559 891 sed
582 841 882 888 obscuriffime
907 840 980 887 illa
1003 855 1107 903 quae
1129 836 1325 883 existunt
1345 834 1389 882 in
1409 834 1500 898 ejus
1523 834 1700 898 spiritu,
1737 833 1978 883 mundanae
1998 838 2120 884 enirn
2144 853 2283 899 curae,

317 927 426 959 cum
446 910 587 956 horno
605 907 650 953 in
668 921 855 968 corpore
873 904 952 962 est,
979 903 1260 966 impediunt3
1296 900 1499 965 usquein
1517 901 1686 948 sensum
1705 900 1921 963 corporiS,
1957 903 2036 949 ubi
2054 903 2145 951 illae
2160 919 2286 953 curae

320 978 440 1032 sunt,
475 976 656 1022 beatum
681 970 973 1036 affectionum
998 985 1087 1016 non
1113 968 1298 1015 influere
1333 966 1494 1030 potest,
1545 966 1626 1014 nisi
1651 966 1860 1013 naturalia
1892 968 1943 1014 δε
1978 968 2190 1016 sensualia
2224 972 2286 1019 ad

320 1039 634 1090 concordantia
650 1052 753 1084 cum
774 1036 1057 1084 interioribus
1074 1033 1252 1082 redacla
1270 1032 1455 1088 fuerint,
1490 1033 1541 1080 δε
1564 1034 1702 1096 usque
1719 1045 1803 1077 nec
1821 1043 1943 1088 tunc,
1977 1033 2059 1081 nifi
2081 1035 2287 1094 obscure,

322 1108 466 1156 modo
506 1106 616 1152 ficut
650 1101 940 1166 tranquillum
964 1116 1021 1148 ex
1044 1115 1099 1147 eo
1121 1099 1250 1164 quod
1274 1109 1511 1146 contentus
1531 1098 1688 1145 animo
1712 1097 1764 1144 fit
1785 1118 1800 1152 ς
1850 1110 1896 1145 at
1916 1099 2020 1161 post
2040 1101 2217 1149 obitum
2241 1102 2287 1150 se

321 1174 368 1222 id
394 1170 662 1224 manifestat,
706 1184 754 1215 ac
779 1166 1023 1232 percipitur
1045 1177 1095 1214 ut
1118 1166 1302 1212 beatum
1325 1165 1375 1212 &
1398 1163 1524 1219 felix,
1559 1165 1609 1212 &
1634 1176 1739 1211 tunc
1760 1162 1899 1211 afficit
1921 1165 1970 1212 &
1990 1164 2214 1214 interioria
2237 1169 2289 1217 δε

320 1236 590 1287 exterioria:
641 1234 802 1291 verbo,
854 1234 1033 1280 beatum
1069 1230 1365 1278 affectionum
1387 1229 1638 1278 coelestium
1661 1227 1724 1276 est
1746 1227 1883 1291 ipfius
1909 1230 2080 1279 animae
2102 1230 2177 1280 seu
2200 1233 2290 1297 spi-

320 1306 453 1360 ritus,
488 1302 680 1350 influens
703 1315 783 1363 per
805 1298 925 1346 viam
953 1298 1193 1351 internam,
1240 1297 1290 1344 &‘
1313 1308 1546 1359 panetrans
1571 1295 1718 1342 versus
1740 1308 1920 1358 corpu8‚
1972 1296 2050 1343 ubi
2076 1296 2293 1362 recipitur

321 1381 545 1433 quantum
559 1365 761 1429 jucunda
783 1380 990 1412 amorum
1015 1362 1288 1412 naturalium
1311 1363 1362 1409 δε
1387 1361 1649 1409 sensualium
1673 1375 1764 1407 non
1787 1360 1981 1413 obstant.
2051 1361 2164 1411 Hoc
2188 1365 2309 1413 bea-⁵

324 1450 425 1484 turn
444 1450 499 1482 ne
521 1433 669 1480 hilum
689 1431 821 1478 datur
842 1429 962 1494 apud
987 1430 1087 1477 illos
1109 1429 1190 1493 qui
1213 1428 1258 1475 in
1275 1425 1476 1490 jucundo
1497 1429 1664 1475 amoris
1687 1427 1753 1475 sui
1774 1426 1826 1474 δε
1852 1427 2010 1475 mundi
2034 1428 2153 1486 sunt,
2187 1445 2294 1479 nam

324 1502 377 1549 hi
406 1514 587 1549 amores
622 1496 801 1560 prorsus
833 1495 1030 1559 oppofiti
1065 1495 1198 1548 sunt;
1249 1506 1530 1556 quapropter
1551 1493 1690 1545 etiam
1715 1491 1778 1539 illi
1799 1493 1881 1556 qui
1906 1494 1952 1540 in
1976 1492 2042 1541 his
2064 1497 2297 1546 amoribus

324 1567 446 1622 sunt,
481 1578 766 1629 nequaquam
787 1561 1172 1625 comprehendere
1193 1559 1395 1622 pofl‘unt,
1429 1558 1556 1621 quod
1575 1557 1746 1622 aliquid
1764 1559 1948 1606 beatum
1971 1560 2118 1617 detur,
2152 1578 2297 1626 quam

325 1631 458 1679 evehi
482 1630 540 1678 ad
562 1627 818 1691 dignitates,
865 1626 953 1674 coli
983 1627 1093 1676 ficut
1114 1625 1320 1681 numina,
1371 1623 1545 1671 divitiis
1578 1623 1820 1679 abundare,
1869 1624 1920 1670 ὅτ
1943 1626 2162 1687 poffidere
2184 1643 2298 1691 opes

326 1714 428 1763 prae
450 1695 578 1750 aliis;
612 1694 646 1740 fi
667 1693 755 1741 illis
777 1692 960 1749 dicitur,
1007 1691 1132 1755 quod
1149 1689 1407 1752 jucundum
1429 1704 1487 1737 ex
1511 1687 1579 1736 his
1601 1689 1833 1737 amoribus
1866 1700 2107 1738 externum
2141 1692 2210 1749 fit,
2245 1694 2298 1742 &

329 1778 440 1812 cum
461 1775 650 1824 corpore
673 1770 841 1822 pereat,
891 1759 942 1805 ὅτ
961 1756 1086 1820 quod
1110 1755 1214 1802 inde
1238 1767 1439 1803 remanet
1462 1754 1507 1802 in
1530 1754 1703 1811 animo,
1755 1752 1859 1817 post
1889 1754 2068 1802 obitum
2098 1770 2300 1806 vertatur

332 1830 379 1876 in
397 1827 518 1875 triste
542 1828 590 1872 δε
615 1837 797 1880 tetrum,
832 1822 963 1886 quale
989 1821 1076 1869 illis
1093 1821 1138 1868 in
1158 1819 1372 1875 infernin
1405 1821 1457 1869 δε
1478 1819 1606 1884 quod
1621 1818 1880 1883 jucundum
1900 1820 2127 1870 internum
2150 1822 2305 1882 detur,
2374 1845 2378 1847 >

319 1895 383 1944 δε
404 1893 530 1957 quod
554 1890 642 1938 hoc
664 1890 718 1938 fit
736 1888 931 1937 faustum
954 1887 1004 1936 &
1026 1885 1136 1935 felix
1158 1886 1394 1951 quodvillis
1415 1884 1562 1951 quiin
1584 1886 1705 1933 coelo
1727 1906 1743 1940 ς
1796 1883 1895 1933 haec
1917 1887 2093 1950 prorsus
2111 1903 2207 1936 non
2231 1905 2302 1938 ca-

331 1961 487 2024 piunt,
521 1972 580 2004 ex
601 1956 742 2012 causa,
775 1954 883 2020 quia
906 1953 1030 2015 apud
1052 1953 1154 2016 illos
1175 1964 1416 2002 externum
1442 1962 1634 2014 regnat,
1670 1952 1721 1998 δε
1746 1950 1975 1998 internum
1996 1953 2194 2003 clausum
2220 1956 2301 2005 est.

335 2025 416 2074 Ex
434 2022 614 2136 hisssciri
632 2021 796 2086 potest,
830 2019 945 2084 quid
961 2019 1231 2081 intelligitur
1247 2033 1326 2083 per
1343 2018 1524 2066 beatum
1541 2016 1784 2065 affectionu
1793 2033 1855 2074 m,
1890 2017 2014 2081 quod
2027 2019 2305 2083 significatur

372 2106 417 2138 er
442 2091 486 2137 A
506 2088 700 2137 cherem.

333 2106 369 2158 P
407 2155 551 2219 6409.
586 2151 775 2217 Pinguis
793 2150 919 2215 panis
932 2149 1043 2214 ejuS‚
1067 2149 1193 2215 quod
1212 2148 1434 2212 significet
1447 2146 1706 2211 jucundum
1724 2164 1782 2196 ex
1795 2148 1933 2206 bono,
1956 2150 2128 2199 constat
2143 2168 2201 2200 ex
2218 2153 2306 2217 fig·
2376 2147 2378 2149 ’

342 2221 599 2271 nificatione
622 2218 836 2282 pinguis3
871 2218 1000 2281 quod
1023 2217 1076 2264 fit
1092 2215 1368 2276 jucundum,
1404 2231 1487 2279 per
1517 2214 1845 2278 pinguedinem
1880 2218 2003 2264 enirn
2028 2216 2306 2280 significatur

343 2286 529 2335 coeleste
553 2285 626 2332 seu
650 2285 822 2333 bonum
846 2283 1011 2330 amoris
1033 2281 1241 2329 videatur
1281 2298 1343 2328 n:
1370 2298 1484 2343 353.
1510 2296 1658 2343 5943,
1691 2292 1738 2328 at
1771 2296 1878 2328 cum
1920 2282 2091 2346 pingue
2119 2283 2306 2343 dicitur,

346 2355 399 2402 δε
421 2353 508 2399 hoc
529 2349 793 2414 adjungitur
813 2348 937 2413 pani,
970 2348 1050 2413 qui
1074 2347 1291 2408 fignificat
1313 2347 1486 2394 bonum
1510 2347 1696 2402 amoriS,
1733 2359 1842 2394 tunc
1870 2362 1951 2410 per
1973 2348 2147 2411 pingue
2169 2350 2309 2412 figni-

348 2420 509 2468 ficatur
535 2415 794 2481 jucundum
827 2413 956 2478 quod
994 2412 1060 2460 est
1095 2413 1214 2460 illius
1250 2411 1417 2460 amoris
1435 2431 1453 2466 3
1487 2413 1614 2475 quod
1652 2412 1779 2474 panis
1812 2412 2038 2476 fignificet
2069 2415 2238 2466 bonum
2261 2432 2311 2464 a-

350 2485 519 2541 moriS,
561 2481 768 2530 videatur
818 2496 877 2527 n:
914 2480 1027 2544 276.
1067 2479 1179 2529 680.
1221 2478 1365 2542 2165.
1408 2492 1553 2541 2177.
1595 2478 1742 2539 3464.
1782 2482 1926 2542 3478.
1968 2494 2110 2544 3735.
2158 2485 2308 2548 3813·

354 2565 504 2610 4211.
528 2561 846 2621 42¹7·‚4735·
871 2545 1024 2619 4976..
1046 2555 1227 2619 5915..
1339 2566 1355 2578 x
1557 2606 1566 2616 .

421 2614 566 2674 6410.
603 2612 669 2660 Et
692 2611 766 2659 rlle
788 2611 914 2659 dabrt
936 2611 1112 2657 delitias
1135 2623 1266 2672 regis,
1299 2608 1425 2674 quod
1455 2606 1675 2669 figmficet
1703 2624 1934 2658 arnaenum
1959 2626 2017 2659 ex
2039 2627 2169 2671 vero,
2202 2628 2314 2662 con-

353 2679 442 2727 stat
462 2694 519 2726 ex
541 2678 868 2741 significatione
889 2675 1167 2729 delitiarum,
1200 2676 1328 2738 quod
1363 2675 1416 2722 fit
1438 2688 1670 2721 amaenum
1691 2695 1707 2730 3
1740 2676 1790 2722 δε
1813 2691 1872 2723 ex
1897 2675 2313 2738 significationen-

355 2746 445 2807 εἰς,
478 2744 605 2808 quod
640 2743 692 2791 fit
714 2757 895 2800 verum,
929 2740 987 2787 de
1009 2757 1102 2805 qua
1135 2756 1197 2788 n:
1233 2741 1373 2803 1672.
1420 2742 1563 2801 1728.
1606 2755 1751 2802 2015.
1794 2742 1936 2806 2069.
1978 2758 2123 2807 3009.
2165 2757 2314 2807 4575,

355 2814 504 2871 4581.
549 2808 698 2870 4966.
744 2824 888 2869 5044.
931 2807 1097 2866 6148;
1131 2806 1193 2854 ita
1215 2805 1322 2853 dare
1345 2804 1519 2852 delitias
1540 2806 1672 2869 regis,
1723 2808 1774 2854 ὅτ,
1815 2822 2046 2855 arnaenum
2085 2823 2142 2856 ex
2178 2823 2315 2857 veroz

356 2874 485 2938 quod
524 2872 695 2921 dicatur
731 2874 789 2920 de
822 2884 1034 2937 utroque,
1083 2887 1250 2934 nempe
1288 2871 1345 2918 de
1371 2869 1576 2935 jucundo
1619 2885 1677 2918 cx
1713 2871 1836 2920 bono
1869 2873 1919 2920 &
1954 2873 2012 2921 de
2042 2888 2222 2921 amaeno
2260 2891 2319 2922 ex

356 2954 487 2995 vero,
521 2937 584 2985 est
606 2938 669 2986 ob
690 2937 954 3002 conjugium
979 2937 1160 2986 coeleste
1193 2939 1239 2984 in
1265 2936 1447 3000 singulis
1469 2934 1631 2993 Verbi,
1666 2952 1727 2982 n:
1756 2938 1901 2999 6343.
1971 2938 2235 3001 Jucundum
2259 2957 2317 2988 ex

357 3003 499 3058 bono,
534 3003 583 3051 &
605 3019 835 3052 amaenum
858 3019 916 3050 ex
939 3018 1065 3059 vero,
1101 3017 1207 3066 quae
1245 3001 1416 3050 faciunt
1454 3001 1634 3048 beatum
1675 3001 1722 3047 in
1761 3004 1901 3060 coelo,
1939 3017 2029 3050 non
2068 3004 2320 3055 confistunt

355 3069 406 3118 in
423 3067 572 3115 otioso
606 3067 680 3113 sed
715 3068 758 3114 in
782 3068 950 3121 ae‘tivo,
974 3066 1238 3132 jucundum
1261 3067 1386 3115 enirn
1426 3066 1476 3113 &
1498 3081 1733 3114 amaenum
1775 3067 1820 3113 in
1844 3066 1990 3114 otioso
2012 3067 2067 3114 fit
2107 3069 2318 3133 injucun-

355 3132 471 3181 dum
491 3132 541 3180 &
563 3132 875 3189 inamaenum3
909 3131 983 3180 sed
999 3131 1258 3194 jucundum
1282 3134 1333 3181 δε
1355 3147 1585 3179 arnaenum
1626 3132 1671 3179 in
1694 3130 1847 3178 astivo
1871 3140 2135 3194 permanent
2160 3137 2210 3184 &
2231 3137 2319 3184 ele-

354 3210 464 3268 gant
485 3197 715 3266 eontinue,
750 3199 799 3249 &
821 3197 986 3269 faciunt
1010 3199 1196 3266 beatum
1212 3215 1227 3268 Ξ
1263 3197 1467 3247 activum
1492 3195 1614 3261 apud
1640 3195 1741 3245 illos
1763 3195 1846 3260 qui
1878 3197 1921 3245 in
1946 3198 2084 3259 coelo,
2120 3201 2321 3250 confistit

2267 3282 2316 3317 m

350 3388 538 3407 »mu-..u-

449 3423 482 3430 ...
518 3427 521 3430 ,
