2606 3646
357 218 666 323 CAPUT
717 191 1565 302 QUADRAGESIMUM
1609 217 2082 290 TERTIUM.
2145 234 2269 306 157

250 345 602 415 *s'tumistorum
621 348 707 398 fuit
726 351 802 406 Et,
829 349 878 396 δε
904 365 1090 414 quoque
1101 351 1195 411 fuit
1214 349 1283 395 vel
1299 348 1474 412 fadum
1497 370 1510 401 ·,
1546 349 1651 396 inde
1671 348 1750 404 est,
1775 350 1901 414 quod
1920 350 2020 397 haec
2043 355 2174 400 toties
2196 368 2270 400 ec·

282 433 471 477 currant,
506 418 699 481 &quod
726 415 807 463 fuit
827 417 900 462 seu
921 416 1095 462 saetum
1118 416 1336 477 iignificet
1357 431 1548 463 novum.
1814 428 1817 431 ’

330 485 494 551 ‘5579
534 486 659 532 Sicut
695 481 979 531 absolvissent
1013 488 1252 529 comedere
1286 497 1534 537 annonam,
1587 479 1712 544 quod
1751 481 1972 542 significet
2007 499 2116 532 cum
2150 501 2268 532 vera

279 554 542 613 deficerent,
576 548 748 596 constat
772 564 826 595 ex
853 548 1181 611 significatione
1206 563 1383 603 anonae,
1419 550 1544 610 quod
1571 549 1623 594 sit
1648 564 1806 595 verum
1831 549 1886 592 de
1912 563 2000 610 qua
2022 567 2046 595 n
2069 569 2078 597 ι
2119 568 2200 612 52>
2220 553 2266 599 6.

249 615 254 618 ⁵
274 622 424 682 3280.
448 631 573 679 5292
597 631 722 677 5402
749 635 764 669 ·,
789 615 915 679 quod
935 629 1094 661 verum
1114 614 1341 668 deficeret,
1360 613 1626 675 significatur
1645 630 1722 676 pter
1740 614 1865 678 quod
1886 613 2171 667 absmlviffent
2189 636 2267 664 (0-

277 681 464 732 medere
489 683 637 731 illam.·
703 681 756 728 In
780 681 1000 743 spirituali
1019 681 1194 732 mundo
1215 681 1275 727 ita
1295 680 1334 726 se
1354 679 1504 734 habet,
1541 682 1667 742 quud
1694 680 1903 725 satientur
1919 696 2028 727 verr.⁴
2052 685 2100 731 δε
2122 685 2268 741 bons,

248 759 250 761 ’
279 750 382 798 haec
399 749 523 796 enirn
549 750 650 796 sunt
675 747 762 795 illis
780 746 862 811 qui
879 747 940 793 ibi
960 746 1101 802 cibuS,
1139 763 1189 794 n:
1218 745 1373 809 55763
1404 759 1455 809 -at
1475 762 1581 791 cuni
1605 748 1699 791 liaec
1714 746 1922 792 csffiranr
1940 747 2026 793 illis
2050 750 2091 795 in
2112 750 2266 807 usum,

278 817 442 866 iterum
470 816 514 862 in
536 815 834 877 indigentiam
861 813 1071 869 veniunt:
1110 811 1150 859 se
1177 812 1311 859 habet
1334 811 1424 859 hoc
1448 811 1559 859 sicut
1583 812 1772 858 nutritio
1791 812 1987 860 hominis
2014 830 2094 877 per
2110 816 2268 864 tib-um

281 883 577 937 materialem,
614 881 686 927 hic
709 880 840 927 cibus
856 894 963 925 cum
985 879 1162 925 cefferat
1186 879 1231 925 in
1258 877 1405 931 usum,
1434 879 1593 925 iterum
1621 880 1764 925 sames
1788 879 1946 932 venit3
1981 881 2082 927 haec
2108 881 2268 938 scimea,

279 966 388 1014 quae
410 949 473 997 est
499 946 751 1008 indigentia
786 944 1106 1007 spiritualium,
1143 945 1189 991 in
1226 942 1440 1007 spirituali
1469 945 1647 991 mundo
1672 944 1733 990 est
1770 944 1972 1007 vespera,
2012 946 2084 993 seu
2108 951 2268 995 umbra

279 1015 372 1063 diei
387 1029 560 1069 eorum,
597 1026 642 1061 at
659 1011 900 1075 postillam
924 1010 1052 1057 venit
1075 1010 1329 1066 diluculum
1365 1011 1414 1057 δε
1451 1026 1581 1057 mane
1603 1031 1616 1063 3
1653 1011 1712 1056 ita
1737 1012 1856 1058 vices
1880 1011 1943 1057 ibi
1966 1010 2270 1069 alten-nantum

280 1081 326 1129 in
350 1081 582 1144 vesperam
609 1078 753 1135 illam,
789 1075 864 1125 seu
891 1077 934 1124 in
960 1076 1240 1139 spiritualem
1273 1076 1444 1124 samem
1470 1076 1676 1132 veniunt,
1713 1088 1764 1122 ut
1784 1089 2001 1140 appetant
2025 1079 2070 1125 &
2098 1080 2269 1127 deside-

279 1159 379 1196 rent
402 1162 508 1200 vera
531 1147 582 1193 &
606 1147 741 1200 bona,
781 1160 891 1208 quae
913 1159 1022 1190 curn
1045 1143 1297 1190 esuriuntur
1336 1141 1569 1190 nutritioni
1607 1143 1773 1190 melius
1795 1146 1981 1200 cedunt,
2006 1145 2116 1192 sicut
2142 1146 2269 1195 cibus

279 1212 521 1261 materialis
545 1211 772 1258 famelico.
842 1209 916 1256 Ex
936 1210 1002 1255 his
1022 1209 1225 1256 constare
1249 1208 1411 1272 potest,
1438 1208 1550 1272 quid
1570 1207 1843 1272 intelligitur
1860 1225 1940 1274 per
1960 1209 2267 1274 indigentiam

281 1278 579 1343 spiritualium
601 1293 708 1324 cum
733 1291 838 1323 vera
861 1276 1119 1323 deficerent.
1424 1296 1428 1299 -
2045 1324 2049 1330 1

350 1350 495 1409 5580.
534 1346 692 1407 Qiarn
729 1342 1018 1388 adduxerunt
1055 1356 1113 1387 ex
1131 1339 1368 1401 AEgypt0‚
1406 1340 1533 1403 quod
1561 1339 1903 1406 fignificetquae
1920 1341 1978 1391 ex
1996 1342 2268 1402 scientificis,

279 1412 453 1462 constat
486 1426 543 1457 ex
578 1408 903 1471 significatione
937 1406 1153 1468 AEgypti‚
1200 1405 1325 1467 quod
1364 1403 1448 1451 sint
1492 1405 1750 1462 scientifica,
1801 1410 1859 1454 de
1892 1425 1980 1471 qua
2017 1427 2078 1456 n:
2123 1411 2266 1471 1164.

254 1495 258 1500 ’
287 1479 426 1538 1165.
452 1471 592 1526 1186.v
628 1473 720 1533 146
730 1490 748 1520 z
775 1493 788 1527 ·,
824 1473 952 1537 quod
974 1488 1023 1519 ex
1037 1471 1138 1527 illis,
1162 1470 1442 1533 significatur
1464 1486 1542 1533 per
1566 1473 1691 1536 quod
1717 1471 1989 1531 adduxerint
2011 1476 2117 1523 inde
2139 1494 2149 1523 z
2186 1494 2268 1541 per

279 1545 548 1608 AEgyptum
574 1541 618 1588 in
645 1541 768 1587 bono
792 1538 914 1586 sensu
947 1538 1254 1600 significantur
1291 1537 1530 1584 scientifica
1563 1554 1670 1602 quae
1705 1537 1803 1586 sunt
1828 1537 2060 1599 Ecclesiae,
2098 1559 2268 1607 nempe

256 1631 258 1633 ·
280 1625 388 1672 quae
406 1609 653 1656 inserviunt
670 1606 834 1654 formae
851 1605 1082 1659 Ecclesiae,
1118 1604 1393 1650 videaturn:
1430 1619 1576 1668 4749.
1597 1604 1747 1667 4964.
1770 1607 1937 1667 49653
1974 1625 2054 1672 per
2073 1608 2176 1656 talia
2202 1611 2269 1657 in.

281 1676 536 1725 troducitur
560 1675 703 1722 homo
739 1672 782 1718 in
822 1687 924 1719 vera
951 1670 1184 1727 Etclc‘fiae,
1223 1670 1329 1716 sicut
1364 1686 1445 1733 per
1478 1683 1647 1735 atrium
1673 1671 1718 1716 iii
1743 1671 1980 1728 domum;
2017 1674 2121 1721 sunt
2141 1677 2266 1724 enim

281 1743 357 1791 illa
375 1740 633 1795 scientifica,
669 1754 776 1802 quae
795 1739 998 1802 primum
1022 1739 1251 1784 incurrunt
1270 1737 1316 1783 in
1335 1736 1498 1792 sensus,
1534 1737 1583 1785 ὅτ,
1601 1736 1878 1800 sicaperiunt
1893 1739 2013 1787 viam
2034 1742 2089 1787 ad
2115 1743 2269 1789 interi-

279 1826 376 1867 ora,
413 1823 520 1856 narn
545 1820 708 1869 notum
728 1804 808 1860 est,
844 1805 971 1869 quod
997 1803 1211 1851 sensualia
1235 1817 1417 1851 externa
1441 1801 1650 1866 primum
1683 1803 1805 1867 apud
1841 1804 2083 1855 hominem
2119 1807 2266 1872 aperi-

254 1884 410 1923 ·antur
436 1875 486 1922 &
509 1874 615 1920 dein
639 1870 821 1919 sensuali
846 1871 1073 1924 interiora,
1110 1871 1161 1918 δε
1184 1870 1381 1932 denique
1406 1869 1742 1926 intellectualia,
1779 1870 1828 1918 &
1852 1886 1958 1921 cuin
1984 1887 2138 1936 aperta
2162 1874 2268 1923 sunt

196 1932 210 1941 ’
280 1940 617 1993 intellectualia,
653 1937 779 2002 quod
802 1936 900 1984 haec
918 1937 1288 2000 repraesententur
1308 1938 1351 1981 in
1371 1933 1455 1982 illis
1474 1947 1526 1982 ut
1541 1937 1643 1998 capi
1661 1949 1858 2000 queant:
1895 1940 2018 1989 causa
2043 1939 2124 1995 est,
2159 1940 2266 2005 quia

279 2005 596 2058 intelleffitualia
614 2019 670 2050 ex
695 2001 962 2051 sensualibus
984 2002 1237 2066 exsurgunt
1257 2017 1338 2066 per
1356 2003 1550 2066 modum
1574 2003 1884 2065 extractionis,
1921 2005 2021 2054 sunt
2045 2009 2168 2053 enim
2194 2007 2266 2054 in-

280 2072 547 2120 telleetualia
571 2068 894 2125 conclusiones,
931 2070 1039 2134 qu'ae
1071 2085 1181 2116 cum
1215 2067 1369 2123 fastae,
1410 2066 1665 2131 separantur
1699 2069 1746 2116 &
1785 2069 2021 2119 sublimius
2059 2074 2265 2129 vadunt3

279 2139 380 2187 haec
403 2152 613 2201 operatur
637 2136 834 2183 influxus
860 2135 1181 2199 spiritualium,
1217 2150 1291 2198 qui
1320 2149 1401 2196 per
1425 2133 1601 2181 coelum
1621 2150 1646 2181 a
1670 2135 1907 2186 Domino:
1943 2154 2000 2185 ex
2025 2138 2093 2186 his
2117 2152 2261 2204 patet,

279 2205 524 2271 quomodo
549 2203 589 2250 se
614 2204 748 2250 habet
770 2219 875 2249 cum
903 2202 1036 2258 veris,
1073 2201 1199 2266 quod
1226 2216 1282 2247 ex
1307 2199 1575 2249 scientis-icis.
1985 2202 1988 2203 ⁷

254 2279 257 2289 “
349 2274 440 2333 558
461 2276 496 2319 ι’.
518 2269 598 2318 ‘Et
623 2269 740 2316 dixit
762 2268 817 2315 ad
844 2268 944 2314 illos
969 2281 1094 2329 pater
1118 2267 1321 2324 illorum,
1357 2266 1481 2330 quod
1502 2265 1725 2329 significet
1742 2271 2085 2332 perceptionem
2105 2271 2159 2319 ab
2178 2271 2266 2320 illis

280 2338 389 2402 quae
424 2335 656 2389 Ecclefiae‚
692 2335 866 2382 constat
889 2351 943 2382 ex
968 2334 1293 2394 significatione
1330 2333 1479 2380 dicere
1521 2333 1566 2380 in
1599 2333 1817 2397 historicis
1847 2336 2008 2393 Verbi,
2049 2338 2174 2402 quod
2211 2338 2266 2386 fit

280 2404 530 2469 perceptio,
567 2404 625 2448 de
649 2418 739 2464 qua
765 2400 927 2463 saepius
946 2403 1102 2463 prius;
1144 2402 1193 2448 ὅτ
1217 2417 1241 2446 a
1265 2398 1655 2463 repraescntatione
1680 2398 1864 2464 IsraeliS‚
1901 2406 1982 2467 qui
2010 2405 2082 2451 hic
2100 2405 2162 2450 est
2181 2420 2266 2467 pa·

277 2483 363 2527 ter,
401 2469 526 2534 quod
550 2469 602 2516 sit
626 2466 824 2515 Ecclesia
843 2487 858 2520 ;
894 2468 1017 2530 quod
1040 2466 1168 2515 Israel
1190 2468 1241 2514 sit
1259 2465 1452 2514 Ecclesia
1473 2465 1643 2513 interna
1660 2460 1915 2529 spiritualis,
1952 2471 1999 2517 δε
2017 2472 2048 2531 J
2053 2469 2166 2517 acob
2183 2486 2261 2518 ex-

279 2550 422 2590 terna,
457 2532 662 2582 videatur
685 2549 742 2580 n:
779 2550 838 2591 4³³
851 2533 925 2580 86.
946 2548 1093 2596 4292.
1114 2547 1277 2594 43:703
1315 2543 1438 2595 pater
1463 2530 1631 2596 dicitur
1653 2529 1767 2596 quia
1782 2550 1860 2594 per
1885 2548 2061 2596 patrem
2085 2537 2127 2582 in
2148 2538 2263 2584 Vei·-

280 2604 343 2650 bo
366 2603 503 2648 etiam
540 2599 813 2662 significatur
832 2598 1043 2653 Ecclesia,
1079 2601 1123 2645 &
1145 2614 1333 2661 quoque
1353 2611 1432 2660 per
1451 2610 1658 2653 matrem,
1697 2600 1768 2645 sed
1797 2616 1871 2660 per
1893 2614 2084 2649 matrem
2102 2602 2261 2650 Eccle-

278 2670 338 2717 sia
356 2665 509 2732 quoad
527 2682 705 2719 verum,
730 2667 780 2713 &
798 2682 874 2727 per
894 2678 1065 2727 patrem
1088 2664 1280 2712 Ecclesia
1298 2664 1450 2727 quoad
1474 2666 1645 2710 bonurn
1666 2685 1679 2718 ·,
1714 2664 1840 2712 causa
1858 2666 1937 2722 est,
1974 2670 2080 2731 quia
2098 2668 2259 2716 Eccle-

260 2736 338 2784 'fia
362 2724 731 2793 estonjugium
756 2730 999 2793 spirituale,
1023 2731 1151 2794 quod
1177 2730 1240 2776 est
1263 2747 1287 2777 a
1304 2727 1426 2776 bono
1444 2724 1490 2775 ut
1505 2746 1529 2776 a
1549 2745 1687 2791 patre,
1714 2731 1763 2777 δε
1781 2748 1802 2777 a
1818 2748 1867 2776 vc
1877 2749 1928 2779 ro
1945 2746 1993 2780 ut
2015 2750 2037 2780 a
2066 2749 2225 2782 marre.

257 2811 281 2825 ’·
348 2802 491 2863 5583.
532 2797 873 2850 Revertimini3
902 2798 1041 2844 emite
1066 2796 1198 2843 nobis
1232 2812 1391 2859 parum
1415 2796 1523 2850 cibi,
1563 2797 1688 2859 quod
1719 2796 1935 2858 fignifitet
1961 2800 2087 2862 quoti
2115 2815 2163 2848 ut
2189 2801 2258 2848 vi-

276 2880 403 2921 vant,
441 2876 707 2926 comparent
731 2863 811 2910 fibi
838 2863 1013 2910 bonum
1037 2864 1130 2909 veri
1169 2864 1427 2925 spiritualia,
1463 2861 1634 2908 constat
1658 2879 1715 2909 ex
1738 2861 2062 2924 significatione
2088 2883 2255 2924 emere,

279 2932 407 2999 quod
432 2931 483 2978 sit
506 2929 584 2977 sibi
611 2944 867 2992 comparare
892 2929 942 2975 ὅτ
963 2929 1264 2991 appropriare,
1300 2929 1357 2976 de
1376 2945 1466 2991 qua
1488 2944 1545 2974 n:
1582 2943 1729 2992 4397.
1757 2945 1901 2992 5374.
1931 2948 2077 2994 5397.
2135 2936 2251 2991 406.

282 3014 429 3061 54¹0·
469 2996 633 3057 54263
669 2996 719 3042 &
752 3011 810 3042 ex
845 2993 1173 3055 significatione
1205 2993 1312 3048 cibi,
1348 2995 1474 3058 quod
1520 2994 1574 3040 fit
1611 2996 1784 3042 bonum
1822 2996 1937 3054 veri,
1975 2999 2029 3044 <le
2065 3015 2151 3062 qua
2192 3016 2252 3045 n:

281 3081 427 3128 5340.
467 3077 631 3125 5342,
655 3061 726 3108 hic
751 3061 923 3108 bonum
950 3059 1042 3106 veri
1080 3060 1334 3123 spiritualis,
1369 3075 1477 3109 nam
1510 3060 1567 3109 de
1601 3060 1846 3111 hocbono
1882 3061 1929 3110 in
1963 3062 2255 3129 sequentibus

278 3130 460 3194 agitur3
493 3128 620 3195 quod
643 3127 698 3177 fit
719 3138 768 3178 ut
792 3126 967 3197 vivant,
1004 3125 1221 3192 sequitur.

2108 3264 2256 3328 5583;

744 3365 939 3397 ’ὲκ-ΑΗΜ.
1159 3368 1193 3398 fi
