2566 3640
293 231 599 315 CAPUT
638 228 1487 330 QUADRAGESIMUM
1533 231 2030 308 OCTAVUM.
2102 264 2246 330 405

264 366 393 432 quod
407 364 472 414 est
495 363 605 412 Lux
620 360 678 409 ab
696 358 804 424 *Ipso
821 372 872 410 ut
888 377 914 409 a
931 360 1034 410 Sole
1054 382 1069 416 ς
1115 360 1346 410 Dominus
1369 361 1518 426 quoad
1544 361 1669 410 suam
1693 362 1924 412 effentiam
1950 380 2041 412 non
2065 365 2128 414 est
2151 369 2243 416 Di-

263 436 429 480 vinum
451 431 648 484 Verum,
685 442 792 474 nam
815 427 903 476 hoc
920 428 982 476 est
1001 429 1056 476 ab
1070 427 1174 490 Ipso
1194 427 1304 474 ficut
1321 427 1431 474 Lux
1445 443 1471 475 a
1485 428 1615 487 Sole,
1651 428 1723 475 sed
1743 428 1808 477 est
1826 429 1985 495 Ipsum
2006 432 2242 481 Divinum÷

263 499 466 551 Bonum,
511 509 652 543 unum
670 508 778 541 cum
800 493 1026 554 Jehovah,
1097 493 1328 542 Divinum
1354 493 1631 542 Humanum
1658 495 1875 555 Domini,
1910 498 2047 544 etiam
2069 498 2165 545 aliis
2188 499 2241 546 in¹

260 563 369 610 locis
386 563 432 609 in
450 561 608 608 Verbo
631 559 800 607 dicitur
818 560 1065 622 Angelus;
1099 573 1151 608 ut
1167 575 1273 607 cum
1298 560 1507 622 apparuit
1532 560 1658 607 Mofi
1676 560 1720 607 in
1736 561 1868 619 rubo,
1902 562 2080 627 dequo
2105 564 2164 612 ita
2191 565 2242 613 in-

265 627 437 677 Exodo
473 635 506 656 ‘⁶
530 627 652 674 Cum
681 625 834 673 Moses
871 625 995 675 venit
1028 625 1086 674 ad
1121 637 1332 673 montem
1358 625 1464 681 Dei,
1499 625 1555 672 ad
1579 626 1865 684 Chorebum,
1915 632 2120 691 apparuit
2143 630 2245 678 An-

257 695 380 759 gelus
414 687 594 755 Jehovae
626 690 692 739 illi
729 693 774 738 ‘m
807 691 995 740 flamma
1019 694 1138 754 ignis
1162 706 1188 738 e
1213 690 1368 738 medio
1391 690 1523 738 rubi:
1559 691 1679 739 vidit
1703 693 1905 754 Jehovah
1927 697 2054 758 quod
2081 696 2247 744 Moses-

261 759 488 808 secederet
505 758 562 806 ad
580 758 854 814 videndum,
889 758 995 805 ideo
1017 757 1232 806 clamavit
1248 754 1455 809 adinum
1476 758 1603 804 Deus
1619 773 1644 804 e
1664 759 1818 805 medio
1836 761 1951 807 rubi.
2022 761 2085 808 Et
2103 777 2251 826 porro

264 826 403 882 dixit,
440 826 535 889 Ego
551 824 648 886 sum
671 824 791 871 Deus
811 825 1057 887 patris-tui,
1094 824 1214 871 Deus
1236 821 1500 880 Abraham,
1535 824 1657 872 Deus
1679 824 1891 886 Jischaki,
1927 825 1983 875 ὅ
2007 829 2129 875 Deus
2150 828 2242 889 Ja-

265 890 394 939 cobi''
430 905 497 938 111
516 907 532 936 .·
561 909 604 939 1.
631 903 676 937 2.
704 906 749 947 4.
778 889 841 943 63
877 888 940 936 est
975 889 1206 936 Divinum
1233 889 1511 936 Humanum
1536 890 1748 944 Domini,
1784 891 1912 954 quod
1936 891 1999 946 ibi
2024 895 2248 955 Angelus-

269 957 467 1021 Jehov‘ae
488 967 694 1011 vocatur,
737 954 815 1018 qui
838 953 962 1016 quod
987 952 1124 1002 fuerit
1138 953 1237 1016 Ipse
1251 953 1480 1016 Jehovah,
1514 953 1685 1002 dicitur
1702 955 1815 1002 clare
1836 977 1850 1010 ς
1887 958 2014 1020 quod
2030 959 2249 1018 Jehovah-

266 1023 406 1071 fuerit
427 1020 490 1068 ibi
512 1021 559 1067 in
585 1018 764 1068 Divino
789 1019 1034 1077 Humano,
1083 1020 1285 1068 constare
1308 1019 1454 1082 potest
1477 1035 1535 1068 ex
1557 1036 1630 1078 eo,
1677 1022 1803 1085 quod
1827 1022 1984 1085 Ipsum
2009 1024 2251 1073 Divinum:

265 1105 360 1137 non
384 1086 465 1134 nifi
487 1101 628 1150 quam
665 1101 745 1148 per
785 1085 1015 1133 Divinum
1058 1086 1337 1134 Humanum
1379 1086 1574 1149 potuerit
1609 1102 1844 1153 apparere,
1878 1087 2118 1138 secundum
2145 1093 2253 1141 Do·

265 1154 383 1203 mini
406 1153 544 1200 verba
570 1151 691 1214 apud
718 1151 976 1214 Johannem
1014 1157 1048 1181 “
1076 1152 1232 1200 Deum
1278 1167 1414 1198 nemo
1447 1152 1564 1200 vidit
1598 1169 1819 1217 unquam,
1858 1154 2142 1217 Unigenitus
2166 1159 2252 1205 Fi·-

265 1221 370 1278 lius,
407 1218 500 1281 Qi
527 1219 572 1265 in
599 1217 696 1270 finu
716 1217 857 1264 Patris
875 1217 956 1275 est,
993 1217 1074 1266 Ille
1099 1217 1307 1280 exposuit
1327 1216 1358 1240 '’
1397 1234 1444 1264 1:
1480 1221 1531 1265 18
1557 1239 1571 1273 ;
1606 1220 1656 1266 &
1679 1219 1785 1266 alibi
1825 1227 1859 1249 ‘⁶
1884 1219 2051 1285 Neque
2075 1239 2250 1271 vocem

268 1285 412 1336 Patris
450 1282 687 1331 audivistis
727 1299 949 1347 unquam,
987 1300 1136 1347 neque
1174 1282 1366 1347 speciem
1406 1283 1547 1347 Ipsius
1582 1284 1804 1332 vidistis”
1840 1301 1898 1332 v:
1928 1300 2005 1349 37.
2081 1289 2252 1347 Porro,

271 1352 504 1401 Dominus
529 1348 682 1413 quoad
700 1349 928 1402 Divinum
950 1350 1228 1398 Humanum
1246 1349 1410 1396 dicitur
1428 1350 1655 1411 AngeluS,
1689 1352 1766 1398 ubi
1790 1353 1939 1412 agitur
1955 1352 2013 1399 de
2031 1353 2255 1403 ducendo

257 1417 512 1483 populoaein
539 1428 703 1463 terram
744 1415 1019 1472 Canaanem,
1055 1416 1112 1464 de
1133 1431 1230 1479 quo
1255 1415 1313 1463 ita
1340 1415 1384 1461 in
1412 1414 1582 1463 Exodo
1617 1423 1652 1445 “
1679 1418 1790 1464 Ecce
1813 1419 1907 1481 Ego
1945 1421 2064 1467 mitto
2102 1422 2253 1484 Ange--

262 1485 351 1535 lum
383 1498 523 1530 coram
546 1491 602 1538 te,
640 1481 696 1528 ad
720 1481 1084 1541 custodiendum
1114 1495 1158 1529 te
1195 1482 1239 1528 in
1279 1482 1370 1536 via,
1407 1482 1460 1529 δε,
1481 1482 1536 1528 ad
1561 1481 1882 1530 deducendum
1910 1496 1952 1530 te
1976 1487 2034 1532 ad
2063 1486 2247 1545 locum,

266 1565 415 1615 quern
447 1547 729 1611 praeparavi:
765 1558 926 1595 caveto
953 1547 1039 1598 tibi·
1058 1564 1084 1594 a
1107 1546 1304 1594 faciebus
1327 1546 1486 1609 Ipfius,
1522 1547 1634 1611 quia
1664 1563 1753 1605 non
1800 1548 2031 1597 sustinebit
2069 1544 2270 1615 prae'vass

268 1615 535 1670 ricationem
573 1613 785 1669 vestram,
831 1614 1028 1676 quoniam
1066 1612 1236 1661 Nomen
1272 1613 1647 1660 Meuminvmedio
1686 1614 1807 1663 Illius
1840 1614 1939 1675 est''
1972 1632 2133 1665 xxm:
2161 1636 2251 1670 20,

273 1698 354 1739 21.
382 1697 438 1744 23
462 1702 480 1736 -·,
513 1679 643 1741 quod-
679 1679 888 1739 Angelus
913 1679 975 1725 ibi
1001 1679 1052 1726 fit
1075 1679 1303 1726 Divinum
1341 1679 1639 1737 Humanum,
1694 1677 1821 1743 patet‘
1840 1695 1896 1727 ex
1919 1697 1988 1738 eo,
2025 1686 2152 1747 quod
2175 1687 2255 1732 di-

271 1761 413 1803 catur,
458 1747 675 1811 quoniam
704 1744 893 1799 Nomen
920 1744 1085 1791 Meum
1112 1744 1155 1791 in
1180 1745 1334 1792 medio
1374 1744 1499 1792 Illius
1531 1744 1611 1801 est,
1648 1745 1734 1792 hoc
1757 1746 1837 1802 est,
1874 1747 1971 1811 Ipse
1994 1749 2203 1808 Jehovah
2226 1772 2251 1806 3,

277 1830 351 1877 per
372 1810 562 1859 Nomen
583 1825 738 1858 meum
758 1809 1035 1872 fignifipatur
1069 1809 1199 1874 quale
1220 1810 1436 1871 Jehovae,
1474 1811 1599 1874 quod
1624 1810 1689 1857 est
1724 1812 1768 1859 in
1789 1812 1969 1861 Divino
1989 1815 2218 1865 Humano
2232 1839 2254 1873 ·,

276 1878 404 1943 quod
447 1877 678 1925 Dominus
708 1874 862 1938 quoad
899 1874 1132 1923 Divinum
1173 1875 1452 1922 Humanum
1480 1877 1532 1923 sit
1558 1877 1751 1924 Nomen
1790 1878 2009 1940 Jehovae,.
2038 1882 2250 1932 videatur

279 1960 332 1992 n:
361 1943 486 1992 2628
511 1964 526 1997 3
561 1943 610 1990 ὅτ
633 1941 759 2005 quod
786 1941 979 1990 Nomen
1003 1940 1090 1989 Dei
1116 1941 1167 1989 fit
1189 1942 1342 2005 quale,
1379 1953 1478 1988 tum
1508 1957 1648 1990 omne
1685 1942 1731 1993 in
1766 1960 1860 1991 uno
1891 1947 2132 2010 complexu
2165 1965 2258 2013 pet-²

275 2011 404 2075 quod
444 2009 610 2056 colitur
646 2008 786 2061 Deus,
821 2023 879 2054 n:
918 2022 1061 2068 2724.
1105 2009 1248 2069 3006.
1318 2007 1460 2070 Apud
1504 2007 1683 2056 Esaiam
1734 2017 1767 2038 “-
1793 2010 1846 2057 In
1871 2014 1999 2060 omni
2038 2016 2253 2077 angustia.

277 2077 481 2131 illorum,
517 2074 606 2136 Ipfi
630 2072 851 2133 angustia,
890 2074 940 2120 δε
963 2074 1150 2135 Angelus
1162 2075 1381 2136 facierum
1406 2074 1539 2135 Ipstus
1563 2074 1767 2134 liberabit
1801 2076 1915 2133 illos,
1951 2079 2012 2124 ob
2036 2094 2246 2130 amorem

278 2143 427 2200 suum,
467 2142 516 2189 &
540 2138 872 2202 indulgentiam
900 2138 1021 2186 suam
1048 2139 1134 2186 Hic
1156 2139 1333 2188 redemit
1356 2139 1468 2197 illos,
1505 2141 1554 2186 δε
1578 2141 1777 2200 ειίΐυιῃίὶι
1802 2142 1916 2199 illos,
1969 2145 2019 2191 δε
2042 2149 2257 2208 ροηανίῦ

278 2201 381 2256 illos
397 2206 613 2263 omnibus
631 2204 790 2261 diebus
805 2204 1068 2270 aeteijnitatis
1084 2203 1116 2223 '’
1154 2222 1283 2253 mun
1304 2223 1315 2254 ε
1338 2221 1368 2268 9
1389 2227 1403 2260 ·,
1437 2206 1564 2270 quod
1586 2208 1790 2269 Angelus
1810 2207 2025 2258 facierum
2046 2213 2253 2275 jehovae,

278 2275 333 2331 fit
356 2273 585 2332 Dominus
608 2271 760 2335 quoad
786 2271 1016 2327 Divinum
1043 2270 1339 2326 Humanum,
1393 2284 1530 2334 patet,
1583 2289 1688 2320 nam
1712 2272 1880 2321 dicitur
1902 2276 2027 2339 quod
2052 2281 2257 2332 redemit*

279 2341 398 2396 illos,
466 2336 920 2402 ApudMalachiam
967 2336 1143 2385 “-Ecce
1167 2338 1317 2384 svbito
1339 2338 1492 2401 veniet
1514 2337 1569 2384 ad
1595 2339 1819 2402 templum
1843 2339 1973 2390 suum
1997 2342 2250 2401 Dominus,

278 2399 442 2470 Qem
474 2421 554 2452 vos
589 2403 808 2467 quaeritiS,
862 2406 911 2450 ὅτ
937 2403 1124 2465 Angelus
1141 2403 1319 2466 foederis
1342 2405 1505 2470 Qem
1542 2420 1623 2451 vos
1660 2405 1950 2469 defideratis„
1973 2400 2073 2456 eece
2102 2412 2256 2469 venit„

280 2472 431 2536 inquit
454 2465 662 2534 Jehovah
688 2467 909 2517 Zebaoth.
979 2471 1096 2533 Qis
1121 2485 1227 2516 vero
1247 2471 1474 2517 sustinebit
1491 2471 1615 2518 diem
1641 2472 1859 2519 ad‘ventus
1879 2473 2039 2536 IpsiuS,
2076 2477 2125 2524 δε
2142 2477 2255 2540 quis

277 2537 486 2586 consistet
518 2552 623 2583 cum
647 2537 923 2598 apparuerit:
962 2547 1069 2582 tunc
1095 2535 1234 2581 suavis
1258 2537 1341 2582 erit
1366 2536 1562 2598 Jehovae
1587 2537 1806 2583 Minchah
1830 2538 2030 2598 Jehudae
2053 2543 2104 2590 δε,
2130 2539 2259 2592 Hie·-

281 2604 543 2666 rosolyn1ae‚
571 2600 699 2663 juxta
722 2603 815 2647 dies
839 2601 1116 2656 aeternitatis,
1151 2600 1344 2663 &juxta
1368 2617 1510 2648 annos
1529 2604 1695 2663 priores
1712 2605 1742 2626 ”
1780 2619 1843 2650 111
1866 2621 1876 2650 :
1911 2623 1947 2653 1.
1969 2621 2012 2652 2.
2034 2626 2081 2666 4,
2118 2611 2254 2672 quod

283 2663 497 2731 Angelus
520 2666 697 2714 faederis
721 2667 772 2713 fit
792 2668 1020 2714 Dominus
1034 2666 1189 2731 quoad
1216 2667 1445 2719 Divinum
1474 2667 1764 2725 Humanum,
1803 2671 2034 2719 manileste
2059 2675 2258 2733 constat,

185 2769 191 2773 -
282 2752 389 2786 nam
414 2734 564 2797 agitur
587 2731 644 2778 de
669 2732 812 2796 Ipfius
836 2732 1031 2779 adventu
1054 2755 1067 2788 ·‚
1118 2733 1242 2796 quod
1268 2747 1376 2780 tunc
1402 2733 1545 2780 suavis
1568 2734 1652 2781 erit
1678 2735 1878 2796 Jehovae
1903 2737 2081 2786 mincha
2104 2741 2257 2802 Jehu-

286 2803 360 2849 dae
378 2802 425 2849 δι
448 2797 804 2861 Hierosolymae‚
841 2798 1086 2860 fignificat„
1116 2798 1243 2864 quod
1270 2799 1412 2846 suavis
1433 2801 1513 2847 erit
1532 2810 1640 2847 tunc
1663 2802 1806 2847 cultus
1831 2818 1885 2848 ex
1909 2819 2060 2850 amore
2085 2808 2133 2854 &
2158 2808 2253 2855 fide

229 2864 237 2869 X
287 2870 333 2916 in
350 2865 504 2930 Ipsum
526 2882 536 2910 :
571 2863 698 2928 quod
724 2879 804 2927 per
826 2863 1052 2923 Jehudarn
1076 2865 1136 2912 ibi
1157 2880 1246 2911 non
1266 2865 1542 2926 intelligatur
1562 2866 1794 2927 Jehudah,
1832 2883 1914 2914 nec
1936 2864 2014 2932 per
2034 2871 2263 2920 Hieroso*

290 2935 466 2997 lymam
493 2928 833 2992 Hierosolyma,
870 2931 986 2977 clare
1012 2943 1149 2993 patet,
1187 2946 1293 2978 nam
1312 2946 1391 2978 nec
1417 2943 1524 2977 tunc
1548 2947 1627 2978 nec
1656 2932 1804 2993 postea
1829 2935 2039 2982 minchah
2058 2936 2263 2996 Jehudae.

279 3001 342 3062 ,δε
361 2996 704 3059 Hierosolymae
722 2995 866 3042 suavis
890 2994 1005 3042 fuit:
1041 2996 1167 3059 quod
1193 2996 1286 3043 dies
1309 2995 1586 3051 aeternitatis‚
1624 2997 1706 3044 fint
1727 2996 1859 3063 status
1875 3000 2090 3051 Ecclefiae
2114 3007 2262 3052 Anti.-

282 3065 532 3127 ·quiffimtae,
566 3077 675 3126 quae
696 3060 905 3117 coelestis,
939 3061 988 3110 δε
1012 3062 1112 3108 anni
1140 3063 1308 3125 priores
1331 3061 1466 3109 status
1491 3061 1704 3110 Ecclefiae
1727 3062 1977 3129 Antiquae‚'
2001 3085 2107 3132 quae
2132 3072 2258 3133 spiri.-

284 3122 442 3190 χρεώ,
471 3128 678 3176 videatur
701 3143 754 3173 n:
781 3134 930 3190 6239„
996 3127 1219 3176 Praeterea
1237 3144 1314 3191 per
1338 3128 1576 3190 Angelum
1595 3129 1639 3175 in
1659 3130 1833 3192 Verbo,
1871 3128 1922 3179 in'
1937 3132 2058 3181 sen-lii
2080 3136 2267 3184 interno·

235 3221 259 3242 .
293 3209 389 3256 non
409 3193 679 3259 fignificatur
696 3194 925 3259 Angelus²
957 3192 1032 3245 sed
1056 3194 1244 3261 aliquod
1257 3194 1501 3261 ‘Divinum
1520 3193 1570 3242 in
1595 3195 1825 3261 Βοιηίῃο,Α
1855 3215 1911 3248 n:
1945 3196 2086 3268 ¹9²5.-
2113 3220 2260 3267 232¹·

292 3262 447 3327 ,2821-
473 3275 621 3324 3039-
644 3264 798 3323 4935«
1614 3262 1618 3265 ”

2126 3334 2182 3380 6„
2195 3337 2279 3386 8³1„
