2566 3640
600 174 939 247 CAPUT
976 173 2025 264 QUINQUAGESIMUM.
2163 215 2299 284 533

365 304 438 362 66
448 324 507 361 21
519 341 533 358 .
573 306 690 380 Qui
712 306 767 361 in
789 304 912 362 vita
935 303 1148 377 corporis
1164 302 1329 376 solum
1345 303 1653 376 studuerunt
1673 305 1789 360 arti
1813 305 2003 362 critica
2024 325 2138 364 cum
2157 313 2298 384 lege-

290 391 415 437 runt
436 379 679 447 Verbum,
731 389 924 450 parum
947 379 1007 432 de
1023 376 1167 449 st’nstt
1187 378 1426 447 solliciti,
1480 378 1803 450 cogitationes
1837 394 2005 434 eorum
2033 387 2294 456 repracsen-

291 460 423 510 tatae
444 452 576 524 sunt
592 453 734 523 ficut
771 452 915 507 lineae
951 450 1129 521 clausa
1165 467 1272 505 non·
1294 450 1555 522 apertiles,
1613 448 1686 508 ἔθ’
1703 452 1844 526 sicut
1879 456 2098 508 textura
2136 458 2249 513 inde
2267 482 2287 515 .-

332 526 514 581 uidam
537 525 680 579 tales
704 525 840 595 apud
872 540 951 578 me
967 521 1219 595 fuerunt,
1273 534 1392 579 tunc
1430 524 1599 592 omnia
1607 542 1649 592 s
1678 540 1788 593 quae
1818 524 2177 596 cgitabantur
2209 530 2287 591 ξς*

269 543 656 670 ἷνὶῇεόαηιιιν,
709 593 904 669 cotffusa
928 596 1154 670 fiebant,
1204 597 1504 668 cogitatione
1541 597 1687 669 quest
1717 598 1773 652 in
1808 615 2013 652 carcere
2051 602 2282 675 detenta,

292 688 419 726 nam
417 670 580 741 solum
603 668 1052 726 determinabatur
1077 672 1155 723 aa'
1171 686 1315 724 voces
1334 668 1663 742 abstrahendo
1682 679 1901 725 mentem
1924 689 1961 724 a
1965 669 2123 743 sensti,
2151 679 2276 732 adeo

272 752 350 888 ft
374 744 705 824 maximopere
723 758 803 798 me
822 740 1274 814 dedefatigarent:
1330 739 1404 802 θ’
1438 741 1590 815 usque
1629 742 1714 797 illi
1736 742 1795 814 β)
1830 744 2104 802 credebant
2141 749 2275 806 aliis

309 835 344 870 a
375 818 633 875 tentiores.
829 865 835 869 ,
937 844 941 846 -

338 827 527 941 p6622.
559 891 818 959 Loquutus
830 887 950 960 stim
971 903 1082 943 cum
1104 887 1374 958 Spiritibus
1394 887 1456 942 de
1476 889 1668 961 Itfiuxu
1688 887 1742 944 in
1762 887 1910 943 ideas
1939 890 2278 965 cogitationis,

289 963 422 1033 quod
439 971 575 1017 homo
605 978 926 1032 nequaquam
955 963 1155 1017 credere
1179 960 1325 1033 poffit,
1377 963 1507 1031 quod
1530 971 1647 1016 tam
1672 962 2070 1018 innumerabilia
2098 967 2275 1038 itssnt,

287 1051 414 1090 nam
436 1035 646 1107 capiunt¹
670 1031 762 1088 nbn
791 1035 889 1107 nili
920 1050 1081 1106 quam
1091 1034 1314 1105 simplex
1338 1031 1412 1092 ἐπ’
1431 1035 1626 1090 unicum
1648 1035 1805 1104 quid,
1862 1034 1943 1090 ita
1966 1053 2032 1090 ex
2047 1037 2277 1108 st’nfitali

287 1108 528 1163 exteriori
556 1105 832 1181 judicant.-
876 1107 1116 1179 spiritus,
1172 1123 1286 1160 cum
1326 1107 1508 1177 quibus
1542 1115 1659 1161 tunc
1689 1108 1935 1178 loquutus
1971 1109 2270 1180 int-opinione

285 1191 462 1248 erant,
500 1183 630 1249 quod
648 1197 738 1234 non
760 1180 962 1251 aliquid
982 1183 1123 1234 intus
1143 1179 1196 1233 in
1220 1179 1349 1234 ideis
1371 1178 1498 1252 efflt,
1525 1180 1586 1233 id
1581 1179 1690 1252 fibi
1711 1179 2048 1251 imprcffirunt
2070 1185 2122 1237 in
2141 1186 2266 1242 vita

285 1258 500 1324 corporis
522 1275 537 1320 3
576 1263 636 1308 ut
659 1263 836 1308 autem
855 1253 1328 1324 comprehenderent,
1377 1250 1515 1322 quod
1535 1251 1933 1308 innumerabilia
1960 1254 2093 1324 sicut
2112 1273 2269 1312 unum

279 1324 599 1399 percipiant,.
636 1327 804 1379 dicere
842 1327 1025 1381 datum
1062 1326 1197 1395 quod
1215 1326 1292 1379 ad
1309 1342 1468 1380 unam
1497 1324 1737 1392 atiionem
1773 1339 2075 1384 concurrant
2096 1340 2269 1386 motus

263 1399 568 1471 myriadum
590 1398 851 1469 fibrarum
871 1397 1182 1466 motricium‚
1217 1395 1290 1456 θ’
1307 1399 1441 1468 quod
1451 1414 1636 1468 quoque
1639 1400 1810 1469 simul
1825 1399 1903 1452 ad
1918 1399 2072 1454 illam
2097 1399 2261 1458 attio-

286 1490 399 1527 nem
424 1471 593 1526 omnia
615 1471 797 1542 quain
819 1470 1066 1543 corpore&
1087 1481 1427 1526 commoveant
1450 1469 1524 1528 ἐπ’
1541 1473 1786 1542 adaptent
1805 1480 1922 1525 tam
1941 1473 1996 1526 in
2016 1477 2264 1531 communi

283 1561 443 1616 quam
480 1544 534 1600 in
567 1544 901 1616 particulari,
954 1541 1027 1602 δῖ’
1045 1552 1223 1598 tamen
1244 1541 1540 1598 adiuncula
1577 1543 1678 1598 illa
1712 1553 1924 1615 apparet
1942 1546 2162 1621 simplex
2185 1546 2265 1608 ὃ),

283 1620 459 1687 unica,
514 1616 667 1688 quali
698 1615 828 1673 nihil
843 1616 956 1674 tale
978 1614 1140 1689 infft
1158 1636 1177 1669 .·
1226 1616 1471 1687 fimiliter
1505 1618 1636 1686 quod
1652 1617 1728 1670 ad
1747 1634 1905 1671 unam
1938 1633 2110 1673 vocem
2143 1638 2262 1675 con·-

284 1699 504 1746 currant
515 1689 672 1761 simul
681 1690 965 1759 innumera,
979 1698 1123 1759 prout
1129 1686 1426 1759 plicationes
1438 1689 1717 1757 labiorum,
1735 1707 1799 1743 ac
1811 1690 2023 1744 omnium
2037 1692 2111 1746 ibi
2124 1694 2266 1766 mus-

283 1762 506 1819 culorum
529 1760 604 1820 ἐφ’
629 1761 928 1834 fibrarum3
967 1773 1078 1817 tum
1111 1777 1299 1832 quoque
1321 1762 1512 1833 lingue,
1548 1762 1812 1833 gutturis,
1847 1762 2092 1835 laoyngis,
2129 1776 2261 1821 tra-

280 1838 429 1903 cheae,
475 1835 776 1906 pulmonum,
827 1835 1258 1906 diaphragmatis,
1311 1850 1423 1890 cum
1460 1834 1686 1890 omnibus
1715 1833 1916 1890 illorum
1951 1836 2186 1908 musculis
2208 1841 2264 1896 in

279 1905 628 1965 communi&
648 1907 700 1961 in
715 1908 1071 1978 particulari,
1128 1925 1240 1963 cum
1277 1908 1412 1963 homo
1448 1925 1604 1964 unam
1641 1908 1756 1961 inde
1790 1925 1978 1971 vocem,
2041 1919 2100 1964 ut
2122 1915 2262 1966 modo

283 1982 544 2052 amplicem
550 1979 717 2054 sonum
736 1981 819 2034 cui
836 1981 970 2036 nihil
986 1977 1121 2049 inest,
1158 1982 1452 2052 appercipit,
1490 1979 1703 2053 cotstare
1718 1980 1882 2052 potest,
1919 1998 2078 2051 quam
2094 1985 2264 2056 crista

282 2060 345 2128 est
363 2054 607 2126 perceptio
629 2071 695 2108 ex
726 2051 971 2123 spnfflali,
1009 2053 1137 2121 quid
1155 2071 1244 2107 non
1276 2056 1525 2125 perceptio
1548 2070 1614 2108 ex
1629 2050 1855 2123 sensuali
1878 2055 1939 2107 de
1962 2055 2092 2108 ideis
2121 2060 2258 2128 cogi-

281 2125 496 2185 tationis
527 2133 636 2198 ‘qua
657 2126 711 2180 in
729 2126 921 2197 puriori
943 2126 1119 2179 mundo
1136 2123 1289 2195 fitnt,
1324 2125 1478 2199 &stc
1502 2146 1540 2181 a
1554 2126 1778 2196 senfitali
1797 2127 2106 2182 remotiores,
2186 2132 2190 2135 ’

355 2201 391 2254 6
394 2198 428 2251 6
434 2218 462 2252 2
469 2217 519 2268 3.
572 2199 725 2273 ,Quia
752 2207 869 2253 tam
911 2197 1315 2253 innumerabilia
1359 2197 1519 2268 insttnt
1539 2200 1667 2253 ideis
1689 2199 2023 2270 cogitationis,
2060 2203 2253 2273 Angeli

259 2274 404 2346 scire
433 2270 613 2344 pffmt
633 2271 887 2341 solum'ex
908 2288 1012 2326 una
1034 2288 1150 2325 voce
1172 2288 1285 2340 quae
1306 2272 1474 2342 prodit
1494 2289 1561 2326 ex
1581 2270 1894 2342 efflitationa
1944 2274 2120 2342 qualis
2133 2273 2254 2346 spi-

276 2348 412 2402 ritus
437 2353 533 2400 aut
553 2345 734 2415 qualis
762 2345 897 2398 homo
918 2342 1014 2412 est.-
1061 2346 1145 2400 hoc
1184 2361 1379 2415 quoque
1415 2347 1762 2418 corfirmatum
1797 2343 1860 2419 est
1877 2355 1967 2416 per
1989 2347 2252 2418 experien-

275 2422 452 2486 tiam,
489 2435 601 2472 cum
616 2415 785 2487 solum
821 2416 1179 2471 nominabatur
1202 2416 1295 2468 VE
1311 2433 1347 2470 R
1360 2433 1398 2468 υ
1411 2434 1478 2486 Μ,
1534 2418 1663 2487 quod
1671 2413 1886 2488 fabium
1924 2436 1961 2471 a
1978 2416 2254 2488 spiritibus

269 2493 496 2563 pluribus
500 2487 779 2566 succefflve,
826 2489 1133 2544 audiebatur
1152 2490 1288 2544 illico
1310 2507 1426 2544 num
1450 2491 1648 2556 durum,
1696 2505 1814 2543 num
1834 2487 2081 2558 asperum,
2127 2509 2251 2546 nunt

277 2566 441 2634 molle,
477 2581 603 2628 num
625 2560 880 2636 infantile,
919 2579 1034 2624 num
1051 2563 1284 2630 charum,
1329 2579 1445 2616 num
1468 2561 1713 2628 innocenS,
1736 2579 1852 2614 num
1870 2561 2084 2630 plenum,
2126 2581 2254 2619 nunt

274 2654 520 2707 vacuum,
563 2651 689 2700 nuni
703 2635 829 2698 inibi
844 2633 1068 2705 falstaem,
1111 2652 1229 2691 num
1244 2636 1569 2704 stmulatum‚
1603 2649 1718 2687 num
1737 2633 1983 2702 clausum,
2034 2651 2151 2690 num
2175 2656 2254 2691 a-

265 2718 495 2781 pertum,
533 2706 606 2766 ἔθ’
630 2707 733 2762 illa
754 2708 806 2762 in
828 2723 921 2777 quo
946 2708 1147 2779 gradu,
1181 2707 1333 2763 verbo
1353 2705 1501 2780 ipfiim
1522 2706 1675 2774 quale
1697 2707 1837 2773 idea,
1880 2703 1952 2763 ὅθ’
1974 2707 2057 2761 hoc
2080 2707 2244 2778 filum

273 2784 327 2839 in
346 2782 605 2849 communi,
631 2782 766 2849 *quid
784 2798 877 2835 non
898 2779 950 2834 in
978 2782 1053 2853 fin
1084 2780 1345 2847 ularibus,
1378 2794 1488 2847 quae
1511 2779 1697 2849 Angeli
1718 2778 2004 2847 percipiunt.

347 2853 380 2908 6
385 2853 419 2905 6
427 2873 509 2920 24.
560 2855 708 2928 oQuia
744 2856 878 2908 homo
916 2868 980 2906 ex
1002 2798 1217 2924 leffisttali
1252 2869 1303 2905 co
1336 2853 1464 2918 itat,
1509 2851 1650 2905 talia
1674 2850 1719 2903 ei
1743 2849 1941 2921 obscura
1956 2849 2100 2922 sunt,
2145 2854 2254 2908 ima

273 2932 356 2985 ita
379 2927 613 2999 obscura,
657 2933 715 2979 ut
735 2925 921 2994 nesciat
945 2927 1069 2994 quid
1085 2926 1220 2990 idea,
1372 2923 1620 2992 imprimis
1644 2924 1773 2991 quod
1792 2922 2027 2992 cogitatio
2041 2925 2121 2995 stt
2142 2926 2249 2995 dist

271 2998 437 3059 tincta
460 3000 514 3054 in
538 3000 706 3067 ideas,
729 2999 867 3069 ficut
889 2997 1106 3066 ‘loquela
1130 2998 1183 3051 in
1205 3012 1370 3062 voces,
1407 2995 1455 3047 ei
1478 2998 1612 3048 enini
1638 3002 1847 3065 apparet
1872 2996 2113 3066 cogitatio
2129 3014 2249 3051 con·-

272 3068 460 3144 tinua,·
475 3069 560 3140 v&
582 3069 674 3142 non
698 3070 936 3144 diſseram,
974 3087 1086 3144 cum
1106 3078 1285 3145 tamen
1306 3069 1429 3128 idea
1448 3067 1774 3141 cogitationis
1787 3065 1915 3138 sunt
1934 3084 2076 3124 voces
2090 3069 2257 3141 spiri-

2106 3151 2252 3198 tuum
