2626 3666
339 209 654 295 CAPUT
676 213 1013 299 ,QUADR
1021 198 1452 284 AGESIMU
1452 214 1542 284 M
1557 212 2125 290 SECUNDUM.
2180 233 2314 304 107

294 369 404 404 nam
433 365 552 405 more
569 343 813 410 fptritualis
836 344 900 392 est
919 343 1094 392 malurn
1111 344 1164 393 δε
1186 343 1371 400 falsum,
1409 360 1458 392 ac
1481 343 1603 408 apud
1629 346 1869 394 hominem
1891 345 1954 393 est
1978 346 2088 395 velle
2106 347 2302 406 malum,

294 423 347 472 δε
370 419 478 467 inde
503 416 705 479 cogitare
741 411 921 461 falsum.
992 411 1111 459 Mali
1146 414 1269 474 genn
1295 413 1343 460 &
1370 411 1553 476 spnritus
1578 428 1670 457 non
1697 412 1858 460 volunt
1879 415 2054 470 audire,
2089 415 2216 478 quod
2244 416 2313 463 de‘

296 486 387 541 illis
405 486 584 532 dicatur
607 481 736 546 quod
761 496 854 529 non
883 478 1055 535 vivant,
1093 479 1313 546 seu-quod⁴
1340 494 1508 526 mortux
1534 479 1637 534 sint,
1675 479 1835 528 dicunt
1857 482 1985 530 enim
2000 481 2130 548 quod
2154 483 2302 532 vitam

296 552 493 611 habeant
515 550 625 615 quia
651 546 835 611 possunt
860 546 973 593 velle
1001 546 1051 594 &
1074 549 1261 610 possunt
1290 550 1510 607 cogitare,
1546 546 1619 593 led
1646 545 1733 594 illis
1756 547 1936 606 dicitur,
1971 563 2082 597 cum
2106 544 2304 599 inbono

297 619 348 669 &
372 633 482 666 vero
498 617 563 667 est
584 616 700 673 vita,
729 614 861 678 quod
883 630 1178 679 nequaquam
1202 615 1336 679 poffit
1359 613 1445 662 effe
1464 615 1511 660 in
1530 616 1659 663 maio
1680 614 1733 663 ὅτ
1756 612 1885 673 falso,
1918 615 2026 666 sunt
2047 615 2173 664 enim
2198 634 2283 665 eon

297 685 450 736 traria.
1238 733 1274 744 ,,

304 787 308 791 -
360 755 508 814 5408.
550 750 617 798 Et
635 748 980 804 descenderunt,
1009 748 1139 813 quod
1162 748 1386 812 significet
1404 761 1621 797 conatum
1639 746 1689 795 &
1707 744 1882 804 aetum,
1917 763 2086 812 nempe
2104 747 2161 795 ad
2178 765 2307 798 com-

290 819 491 885 paranda
517 818 569 866 δε
603 817 942 881 approprianda
977 816 1059 864 fibi
1100 832 1202 863 vera
1225 832 1307 880 per
1334 815 1605 881 scientifica,
1644 826 1770 878 patet
1794 830 1853 863 ex
1875 812 2208 878 significatione
2229 818 2308 864 de-

289 886 512 942 scendere,
549 900 717 947 nempe
738 884 795 931 ad
814 883 1106 947 AEgyptum,
1139 884 1269 948 quod
1291 879 1342 931 fit
1365 885 1416 932 δε
1439 895 1626 930 conatus
1644 883 1695 930 δε
1719 882 1859 931 aetus.

308 1010 311 1012 q
363 969 509 1016 5409.
550 950 725 998 Fratres
749 949 942 1015 Josepha
965 953 1147 1007 decern,
1185 950 1313 1014 quod
1339 951 1564 1012 significet
1589 948 1692 996 talia
1718 965 1821 996 vera
1845 949 2062 1000 Ecclefiae
2084 967 2191 1015 quae
2209 968 2309 999 cor·

295 1020 636 1083 responderent,
671 1018 845 1064 constat
863 1033 919 1064 ex
946 1017 1276 1080 significatione
1301 1016 1512 1074 fratrum,
1548 1017 1678 1080 quod
1705 1016 1791 1065 fint
1817 1033 1919 1064 vera
1942 1034 2050 1084 quae
2070 1018 2306 1076 Ecclesiae,

296 1090 399 1136 haee
422 1087 636 1133 dicuntur
664 1086 814 1132 {ratres
850 1086 1061 1148 josephi,
1098 1084 1178 1149 qui
1203 1084 1267 1131 est
1290 1085 1467 1133 Verum
1491 1100 1516 1131 a
1543 1084 1743 1141 Divin0‚
1781 1099 1840 1131 ex
1869 1086 2270 1149 correspondentia
2292 1109 2307 1142 ;

292 1152 695 1215 correspontientia
720 1155 847 1200 enim
873 1150 995 1206 facit,
1034 1164 1084 1199 ut
1106 1150 1347 1214 conjuncta
1371 1151 1458 1198 lint
1482 1151 1595 1199 ficut
1619 1148 1754 1198 frater
1778 1149 1904 1199 fratri
1928 1170 1939 1199 :
1976 1166 2059 1217 per
2082 1153 2201 1201 filios
2225 1155 2310 1216 Ja-

293 1222 398 1269 cobi
419 1220 734 1281 figmficantur
759 1219 916 1266 omnia
933 1219 1061 1275 fidei,
1098 1218 1173 1265 seu
1194 1234 1300 1265 vera
1319 1215 1535 1265 Ecclefiae
1555 1218 1601 1264 in
1619 1219 1876 1276 communi,
1914 1237 1941 1266 n
1962 1255 1976 1276 ‚
2002 1235 2151 1283 5403,
2187 1222 2311 1269 fimi-

295 1290 402 1336 liter
428 1303 508 1350 per
533 1286 691 1333 fratres
716 1285 927 1348 Joseph1‚
967 1284 1042 1332 sed
1067 1301 1125 1332 ex
1154 1285 1591 1348 correspondentia3
1626 1300 1710 1348 per
1733 1286 1893 1333 decem
1920 1287 2041 1334 filios
2065 1288 2230 1350 Jacobi
2253 1300 2313 1336 ex

294 1354 441 1408 Leah,
479 1353 792 1414 significantur
815 1367 919 1398 vera
939 1367 1046 1414 quae
1071 1351 1175 1398 sunt
1194 1351 1412 1398 Ecclefiae
1430 1364 1648 1410 externae,
1685 1353 1738 1399 δε
1761 1368 1840 1416 per
1859 1353 1990 1401 binos
2007 1354 2125 1401 filios
2144 1357 2309 1418 Jacobi

294 1437 353 1469 ex
378 1420 547 1468 Rachel
574 1419 890 1480 significantur
915 1434 1020 1464 vera
1042 1434 1152 1482 quae
1171 1417 1277 1464 sunt
1290 1417 1510 1465 Ecclefiae
1545 1417 1755 1471 internae‚
1791 1432 1845 1466 ut
1869 1431 1996 1483 patet
2015 1421 2074 1468 ab
2093 1421 2179 1468 illis
2195 1438 2307 1486 quae

292 1488 354 1536 de
379 1487 507 1536 Leah
525 1486 576 1534 δι’,
595 1484 797 1533 Rachele
813 1484 987 1532 ostensa
1011 1484 1126 1541 sunt,
1160 1484 1290 1549 quod
1318 1499 1491 1548 nempe
1515 1484 1643 1532 Leah
1662 1483 1717 1531 s1t
1734 1484 1918 1533 affectio
1936 1488 2031 1533 veri
2051 1489 2306 1547 exterIOris‚

295 1555 347 1602 ὅτ
385 1552 557 1601 Rachel
596 1551 781 1599 affectio
815 1551 910 1600 veri
946 1551 1187 1608 interioris,
1223 1551 1282 1599 de
1313 1552 1482 1616 quibus
1506 1568 1564 1599 n:
1592 1546 1739 1614 3758}
1781 1556 1928 1616 3782.
1964 1568 2109 1620 3793.
2138 1557 2268 1618 3819
2293 1579 2330 1609 ;·

290 1620 421 1683 quod
460 1618 680 1668 Ecclefiae
715 1619 961 1668 Internum
987 1618 1331 1667 &Externum
1356 1618 1444 1666 fint
1468 1618 1643 1675 ἴωπες,
1683 1619 1897 1667 videatur
1920 1637 1982 1668 n:
2015 1636 2176 1677 12223
2211 1623 2312 1686 Ipse

289 1687 530 1736 Dominus
549 1685 656 1733 inde
679 1701 782 1733 vera
801 1687 852 1734 δε
873 1686 979 1734 inde
998 1688 1115 1735 bona
1133 1701 1215 1751 per
1233 1684 1506 1734 charitatem
1527 1688 1577 1734 ὅτ
1595 1687 1740 1736 fidem
1759 1687 2160 1750 correspondentia
2178 1703 2314 1737 vocat

295 1753 469 1809 fratreS,
505 1754 594 1802 hoc
617 1752 700 1810 est,
733 1753 839 1800 illos
861 1754 943 1818 qui
963 1753 1008 1801 in
1027 1754 1147 1801 veris
1164 1752 1215 1799 Bc
1236 1752 1345 1800 inde
1364 1752 1489 1799 bono
1515 1753 1642 1809 sunt;
1669 1740 1801 1817 sa⁹p⁴ud
1830 1753 2114 1803 Matthaeum
2152 1763 2185 1786 ‘⁶
2208 1756 2314 1804 Rex

295 1821 423 1870 dicet
443 1820 546 1875 illis,
583 1836 717 1868 amen
735 1819 844 1868 dico
868 1821 1019 1877 vobi5‚
1058 1820 1103 1867 in
1128 1831 1355 1885 quantum
1376 1817 1541 1866 fecistis
1564 1821 1642 1868 uni
1668 1837 1718 1868 ex
1739 1820 1804 1869 his
1816 1821 2047 1885 fratribus
2070 1825 2170 1869 meis
2187 1825 2314 1872 mini·

295 1890 400 1946 mis,
439 1887 566 1935 Mihi
591 1886 757 1935 fecistis
772 1885 804 1905 ''
841 1902 969 1934 xxv:
994 1904 1089 1947 40:
1125 1889 1177 1936 &
1211 1886 1320 1934 alibi
1359 1893 1393 1914 “
1421 1886 1684 1950 Respondit
1708 1887 1794 1935 illis
1818 1888 1962 1948 Jesus,
1999 1888 2170 1945 dicens,
2205 1907 2313 1954 quae

297 1954 365 2003 est
403 1966 547 2002 mater
584 1969 702 2009 mea,
739 1966 817 2000 aut
842 1954 1022 2017 fratres
1047 1958 1149 2011 mei,
1185 1955 1237 2002 ὅτ
1259 1951 1630 2016 circumspiciens
1665 1955 1838 2001 circum
1869 1957 2002 2011 circa,
2037 1956 2172 2012 dixit,
2211 1973 2314 2005 ecce

298 2033 447 2070 mater
470 2036 570 2068 mea
594 2021 644 2068 δε
660 2020 839 2085 fratrer
859 2021 941 2068 mei
959 2041 974 2075 ;
1009 2021 1206 2087 quisque
1230 2035 1430 2082 namque
1447 2018 1602 2069 fecerit
1628 2021 1913 2070 voluntatem
1934 2021 2042 2077 Dei,
2069 2023 2141 2069 hic
2153 2025 2310 2086 frater

300 2103 432 2145 meus,
467 2088 518 2136 &
555 2086 676 2135 soror
709 2103 831 2146 mea,
866 2089 916 2137 &
940 2102 1086 2137 mater
1117 2104 1220 2137 mea
1235 2086 1268 2107 ’³
1306 2087 1470 2135 Marc:
1495 2104 1594 2136 111:
1623 2105 1703 2152 33.
1731 2105 1811 2152 34..
1841 2104 1917 2153 35.
1973 2090 2133 2137 Matth
2154 2107 2164 2136 :
2189 2106 2300 2138 x11:

301 2171 385 2219 49.
440 2154 572 2202 Luc:
601 2167 734 2202 v111:
763 2171 817 2204 21
1642 2194 1650 2198 ,

372 2236 519 2284 5410.
557 2221 639 2268 Ad
662 2222 912 2270 emendum
951 2220 1237 2271 frumentum
1268 2237 1328 2270 ex
1358 2222 1596 2287 AEgypto,
1632 2220 1761 2286 quod
1800 2221 2026 2285 significet
2056 2221 2111 2270 ad
2146 2239 2310 2287 appro-

298 2289 546 2354 priantium
565 2288 646 2336 fibi
666 2288 841 2338 bonum
861 2289 958 2337 veri
980 2305 1062 2353 per
1078 2289 1340 2347 scientifica,
1364 2291 1540 2339 constat
1557 2306 1616 2338 ex
1634 2289 1966 2351 significatione
1984 2306 2150 2345 emere,
2176 2294 2308 2354 quod

301 2355 355 2404 fit
391 2357 699 2421 appropriare,
735 2355 795 2403 de
833 2373 926 2421 qua
953 2372 1013 2404 n:
1043 2372 1193 2421 4397.
1228 2371 1376 2420 5374.
1415 2358 1583 2418 5406;
1619 2371 1676 2402 ex
1700 2356 2029 2417 significatione
2071 2357 2304 2411 frumenti,

298 2423 434 2487 quod
463 2422 521 2471 sit
556 2423 732 2470 bonum
766 2423 883 2481 veri,
919 2423 979 2476 de
994 2438 1095 2486 qua
1118 2422 1368 2488 n2252-953
1396 2425 1538 2473 &ex
1568 2423 1901 2489 significatione
1924 2423 2139 2488 AEgypti,
2177 2426 2306 2488 quod

300 2491 389 2538 smt
414 2487 672 2545 scientifica,
709 2488 768 2536 de
790 2505 882 2553 qua
905 2489 1037 2553 supra
1061 2506 1121 2538 n:
1150 2507 1296 2552 5401.

373 2570 520 2616 5411.
559 2554 623 2602 Et
647 2554 963 2618 Beniaminem
981 2557 1165 2606 fratrem
1178 2556 1400 2619 josephi,
1435 2557 1563 2622 quod
1589 2555 1815 2617 significet
1839 2554 2067 2617 spirituale
2091 2556 2303 2613 coelestis,

299 2622 430 2688 quod
460 2622 686 2678 medmrn,
720 2623 895 2672 constat
917 2639 976 2671 ex
1000 2623 1393 2688 repraesentatione
1409 2623 1707 2686 Beniami'nis,
1741 2622 1871 2686 quod
1888 2623 1942 2670 fit
1966 2623 2188 2686 spirituale
2210 2640 2306 2671 coe-

302 2690 439 2746 lestis,
476 2689 534 2734 de
555 2703 647 2750 qua
672 2705 728 2735 n:
749 2706 879 2750 44:92
905 2711 920 2745 ς
955 2690 1082 2755 quod
1105 2690 1333 2753 spirituale
1354 2690 1550 2745 coelestis
1562 2690 1625 2738 fit
1644 2689 1869 2745 medium,
1905 2691 2042 2738 etiam
2065 2691 2126 2738 ibi
2149 2691 2317 2757 videa-¹

302 2770 377 2804 tur
397 2772 408 2803 :
448 2756 493 2802 in
513 2769 674 2815 genere
693 2754 943 2815 sciendum,
978 2757 1107 2822 quod
1127 2757 1363 2805 Internum
1384 2770 1476 2805 non
1495 2759 1630 2821 poffit
1647 2756 2113 2804 communicationem
2142 2758 2303 2806 habere

305 2839 414 2871 curn
442 2822 664 2877 Externe»,
698 2822 751 2870 δε
773 2824 985 2880 viciffim,
1020 2824 1102 2872 nifi
1127 2823 1180 2871 fit
1204 2823 1439 2881 Medium3
1475 2821 1796 2888 consequenter
1819 2824 1947 2888 quod
1973 2840 2063 2870 non
2090 2840 2302 2872 commu-

303 2890 579 2938 nicationem
599 2888 760 2936 habere
782 2892 913 2951 poffit
928 2905 1135 2939 verum‘a
1151 2890 1331 2938 Divino
1345 2890 1475 2956 quod
1493 2891 1558 2939 est
1581 2889 1822 2954 Josephu3‚
1846 2906 1954 2937 cum
1978 2890 2091 2937 veris
2110 2891 2154 2936 in
2173 2908 2299 2938 com-

306 2957 435 3004 muni
463 2956 506 3002 in
531 2956 735 3011 naturali,
772 2972 880 3020 quae
897 2955 998 3004 sunt
1022 2957 1104 3006 filii
1130 2957 1309 3016 Jacobi,
1327 2958 1514 3022 vabsque
1537 2957 1694 3004 medio
1717 2958 1845 3021 quod
1866 2958 2200 3020 repraesentatur
2220 2976 2300 3022 ptr

304 3022 639 3088 Benjmninem,
676 3023 726 3071 δε
750 3038 939 3070 vocatur
965 3022 1193 3085 spirituale
1217 3023 1408 3070 coelestis
1435 3044 1449 3078 ;
1483 3022 1693 3071 medium
1713 3037 1764 3070 ut
1783 3023 1835 3070 fit
1855 3023 2079 3079 medium,
2118 3027 2299 3088 partici-

302 3105 408 3152 pare
425 3091 568 3137 debet
579 3090 638 3138 ab
653 3101 867 3155 utroque,
905 3106 1073 3155 nempe
1093 3090 1147 3136 ab
1168 3090 1352 3138 Interno
1370 3090 1419 3137 &
1438 3090 1496 3136 ab
1515 3089 1723 3138 Externo
1742 3107 1751 3135 ε
1790 3090 1915 3136 causa
1938 3090 2066 3156 quod
2088 3092 2297 3140 medium

306 3158 407 3212 erit,
455 3156 520 3204 est
552 3157 665 3220 quia,
691 3156 934 3205 Internum*
963 3159 1028 3206 &.
1047 3157 1304 3205 Externum
1338 3157 1669 3205 distinffiffima
1702 3156 1816 3202 inter
1841 3155 1884 3202 se
1910 3155 2029 3214 sunt,
2067 3174 2117 3204 ac
2142 3160 2204 3206 ita
2226 3161 2296 3206 cli·-

306 3219 482 3281 stinua,
514 3236 568 3273 ut
589 3223 782 3294 separari
798 3236 986 3290 queant,
1012 3223 1125 3274 ficut
1142 3225 1375 3338 separaetgr-
1394 3223 1657 3274 Externum
1673 3223 1893 3285 ultimum
1918 3224 2136 3282 hominis,
2173 3228 2299 3291 quod

713 3316 715 3319 ·
1392 3305 1420 3340 2
2236 3293 2302 3340 est
