2670 3698
376 156 2063 300 ςε οΕΝΕ313..

384 334 703 409 Apoc:x11¹:
731 365 776 399 2
844 350 990 414 Apud
1017 347 1283 397 Eundem‘
1288 348 1528 412 ‘Qintus
1563 347 1774 409 Angelus
1809 347 1974 396 effudit
2013 345 2211 410 phialam
2255 344 2383 397 suam

364 414 507 477 super
537 415 733 462 thronum
766 417 915 476 bestiae,
952 420 1002 465 δε
1033 415 1205 463 laetum
1237 415 1301 462 est
1328 418 1544 478 Regnum
1581 414 1674 475 ejus
1708 413 2041 462 obscuratum'’
2079 417 2382 477 Apoc.xv1:

393 497 468 528 ιο.
539 482 684 544 Apud
712 483 943 531 Esaiam‘
951 484 1068 530 ‘Tu
1091 481 1275 528 dixisti
1265 498 1311 528 m
1335 482 1470 529 corde
1495 493 1592 535 tiro,
1630 481 1675 527 in
1697 481 1829 527 coelis
1846 470 2097 538 ascendam,
2133 481 2264 545 supra-
2287 481 2386 528 stel-

387 545 452 593 las
471 546 539 594 ibi
569 549 779 595 exaltabo
809 550 1004 597 thronum
1028 547 1187 595 meum’
1243 563 1355 595 x1v.
1388 563 1466 609 13,
1505 547 1564 593 ibi
1589 545 1647 592 de
1670 546 1848 594 Babele.

459 630 485 673 5
494 630 516 674 3
532 631 604 672 14.
643 615 776 661 Vers:
802 633 882 675 41.
910 632 989 674 42.
1014 630 1046 674 4
1053 632 1091 677 3
1119 628 1201 673 44.
1254 615 1316 661 Et
1348 614 1456 661 dixit
1490 607 1667 659 Pharao
1703 612 1764 660 ad
1789 613 2035 678 Josephum,
2069 612 2185 668 vide
2220 612 2317 661 dedi
2346 623 2394 661 te

375 678 508 739 super
539 696 695 727 omnem
719 691 881 729 terram
911 683 978 729 AE
972 684 1112 746 gypti.
1190 682 1254 727 Et
1285 683 1464 727 removit
1488 680 1666 727 Pharao
1688 680 1889 727 annulum
1917 683 2037 734 litum
2060 697 2088 727 a
2101 684 2233 742 super
2254 697 2385 728 manu

372 749 424 805 ji
421 761 477 798 a,
514 746 571 794 ἔθ’
590 746 707 794 dedit
728 748 847 794 illum
859 748 991 810 super
1014 763 1186 796 manum
1205 739 1393 810 Josephi,
1429 746 1483 795 ἔθ’
1505 745 1680 805 vestivit
1701 762 1794 794 eum
1817 746 2001 806 vestibus
2025 746 2133 807 byffi,
2170 746 2238 794 ἔθ’
2246 748 2388 808 posuit

390 822 574 873 torquem
597 829 696 860 aun
691 815 842 876 'super
871 815 1018 862 collum
1052 815 1156 877 ejus.
1229 815 1292 860 Et
1315 814 1416 860 vehi
1429 813 1542 876 fecit
1565 828 1656 858 eum
1680 815 1725 859 in
1759 828 1892 859 curru
1913 813 2163 875 stcundario
2193 814 2325 875 quit
2280 812 2388 871 fibi,

391 877 446 924 &
469 878 766 926 clamaverunt
801 890 902 927 ante
933 896 1024 927 eum
1062 880 1243 936 Abrech,
1279 878 1335 928 ἔθ’
1358 878 1495 926 dando
1518 894 1609 926 eum
1634 880 1766 941 super
1797 895 1953 926 omnem
1989 889 2153 926 terram
2193 879 2389 941 AEgypti.

390 944 454 990 Et
482 944 589 991 dixit
612 946 790 992 Pharao
813 947 871 991 ad
891 947 1131 1023 Jost’phum,
1172 963 1242 1008 ego
1271 945 1463 1001 Pharao,
1500 944 1554 993 ἔθ’
1575 955 1736 1005 praeter
1758 954 1799 991 te
1820 962 1902 993 non
1926 946 2093 993 extollet
2115 947 2189 991 vir
2211 960 2387 991 manum

375 1010 505 1072 suam
531 1010 741 1072 &pedem
755 1014 874 1070 suum
893 1016 937 1059 in
961 1015 1071 1059 omni
1093 1022 1214 1060 terra
1236 1012 1430 1073 AEgypti.
1500 1011 1563 1058 Et
1585 1011 1703 1058 dixit
1721 1011 1894 1058 Pharao
1912 1013 1966 1057 ad
1987 1011 2390 1076 Josephum,s1g-

388 1078 542 1124 nificat
567 1078 826 1125 ulteriorem
865 1078 1207 1141 perceptionem
1238 1077 1474 1128 Naturalis
1497 1093 1522 1123 e
1550 1075 1723 1124 coelesti
1749 1077 2014 1140 spiritualis.
2051 1079 2177 1133 vide,
2211 1078 2317 1124 dedi
2343 1091 2391 1125 te

387 1141 518 1206 super
540 1159 731 1191 omnem
758 1157 923 1191 terram
942 1145 1162 1207 AEgypti,
1200 1144 1419 1206 fignificat
1450 1142 1710 1189 dominium
1735 1142 1869 1206 super
1892 1157 2137 1207 utrumque
2160 1144 2390 1191 naturale:

387 1209 437 1256 δι
461 1210 662 1257 removit
687 1209 861 1258 Pharao
884 1211 1102 1258 annulum
1122 1210 1251 1256 suum
1277 1225 1302 1255 a
1325 1209 1455 1272 super
1475 1224 1615 1256 manu
1640 1207 1731 1264 sua,
1767 1210 1989 1272 fignificat
2010 1210 2388 1258 confirmativum

388 1276 450 1322 de
481 1277 691 1338 potentia.
719 1292 825 1340 quae
861 1276 985 1339 prius
1012 1276 1086 1323 ei:
1122 1276 1171 1323 &
1208 1275 1338 1322 dedit
1375 1276 1504 1322 illum
1537 1275 1669 1337 super
1700 1290 1887 1322 manum
1921 1275 2130 1339 Josephi‚
2166 1275 2393 1336 fignificat

388 1342 515 1404 quod
542 1342 668 1390 illam
692 1342 861 1390 cefferit
893 1357 1082 1390 omnem
1110 1341 1284 1389 coelesti
1309 1340 1581 1404 spiritualis:
1616 1342 1667 1388 δε
1688 1341 1873 1389 vestivit
1895 1357 2005 1389 eum
2032 1341 2227 1388 vestibus
2261 1342 2392 1405 byfli,
2444 1377 2448 1379 s

387 1407 612 1469 fignificat
636 1407 993 1472 significativum
1016 1421 1256 1457 externum
1279 1407 1472 1455 coelestis
1491 1406 1746 1468 spiritualis,
1781 1407 1924 1454 vestes
1949 1407 2057 1469 byffi
2082 1408 2186 1455 sunt
2208 1423 2314 1456 vera
2331 1425 2396 1458 ex

391 1473 602 1521 Divino:
640 1475 690 1522 &
715 1474 873 1552 posuit
901 1487 1113 1540 torquem
1150 1475 1247 1522 auri
1281 1472 1410 1537 super
1443 1473 1613 1526 collum
1637 1472 1747 1534 ejus,
1781 1474 2001 1535 fignificat
2036 1475 2391 1545 significativum

381 1538 721 1605 conjuncstionis
745 1541 1012 1589 interiorum
1029 1556 1139 1588 cum
1171 1540 1488 1596 exterioribus,
1522 1539 1743 1587 efficiente
1763 1540 1917 1587 bono:
1954 1541 2004 1588 δε
2027 1542 2133 1587 vehi
2158 1540 2268 1588 fecit
2284 1541 2395 1589 eum

389 1606 437 1653 ‘m
460 1621 591 1654 curru
616 1607 889 1662 secundario,
925 1607 1147 1669 fignificat
1166 1605 1519 1669 significativum
1543 1606 1669 1670 quod
1694 1607 1751 1653 ab
1774 1606 1856 1653 illo
1880 1607 2032 1654 omnis
2055 1607 2259 1654 dostrina
2282 1608 2396 1656 boni

387 1674 442 1720 &
465 1674 590 1719 veri:
626 1673 710 1738 qui
727 1673 824 1730 fibi,
849 1674 1071 1736 significat
1095 1689 1203 1737 quae
1220 1688 1301 1736 per
1320 1674 1549 1721 naturale:
1575 1673 1625 1720 δε
1640 1673 1947 1720 clamaverunt
1968 1685 2071 1720 ante
2088 1689 2194 1720 eum
2212 1675 2397 1732 abrech,

390 1740 616 1800 fignificat
634 1740 920 1802 agnitionem
945 1756 1026 1803 per
1049 1741 1193 1788 fidem
1217 1741 1266 1787 δε
1285 1740 1632 1788 adorationem:
1669 1740 1718 1787 &
1741 1739 1893 1786 dando
1916 1754 2021 1786 eum
2048 1740 2180 1802 super
2201 1756 2392 1788 omnem

389 1817 550 1852 terram
571 1806 788 1869 AEgypri,
816 1806 1044 1869 significat
1067 1805 1337 1868 potestatem
1363 1805 1480 1852 illius
1503 1805 1629 1868 quod
1656 1805 1781 1853 talis:
1817 1807 1868 1853 δι’
1890 1805 2011 1853 dixit
2035 1806 2210 1854 Pharao
2232 1807 2287 1852 ad
2312 1807 2395 1868 Jo-

389 1871 598 1934 fephum‚
646 1873 869 1935 significat
902 1873 1240 1936 perceptionem
1276 1873 1423 1919 adhuc
1461 1871 1723 1919 ulteriorem
1742 1889 1759 1918 .·
1799 1887 1889 1934 ego
1930 1872 2124 1928 Pharao,
2174 1872 2396 1935 fignificat

390 1939 518 2001 quod
552 1938 655 1984 inde
695 1939 924 1986 naturale:
961 1940 1010 1986 &
1030 1951 1196 2001 praeter
1227 1952 1271 1985 te
1305 1954 1396 1986 non
1429 1938 1621 1985 extollet
1659 1938 1730 1984 vir
1764 1953 1951 1985 manum
1988 1940 2134 1994 suam,
2170 1940 2395 2001 fignificat

389 2004 519 2067 quod
543 2020 566 2050 a
589 2004 761 2052 coelesti
787 2005 1024 2068 lpiritualis
1046 2020 1187 2051 omne
1212 2004 1433 2068 potentiae
1461 2004 1505 2050 in
1531 2003 1777 2078 spirituali·
1814 2005 1864 2052 δε
1888 2004 2051 2068 pedem
2071 2005 2221 2060 suum,
2258 2007 2396 2067 signi-

393 2071 495 2118 ficat
516 2070 641 2134 quod
661 2086 800 2118 omne
804 2071 1037 2135 potentiae
1056 2072 1100 2117 in
1121 2071 1334 2119 naturali.
1372 2072 1418 2119 in
1440 2071 1567 2118 omni
1594 2072 1706 2118 terra
1730 2070 1947 2134 AEgypti,
1970 2071 2218 2134 fignificat
2206 2087 2252 2119 in
2271 2083 2396 2120 utro-

430 2153 482 2183 ue
508 2137 710 2185 naturali.

393 2153 426 2201 q
464 2219 610 2263 5315.
646 2202 710 2249 Et
731 2202 849 2251 dixit
873 2204 1044 2252 Pharao
1068 2204 1124 2250 ad
1150 2203 1420 2267 Josephurn,
1457 2204 1584 2268 quod
1607 2203 1831 2266 significet
1856 2203 2199 2268 perceptionem
2224 2217 2401 2254 natura-

395 2269 451 2317 }is
474 2285 499 2316 e
514 2268 684 2315 coelesti
706 2268 956 2333 spiritualis,
993 2272 1165 2318 constat
1188 2286 1244 2316 ex
1270 2270 1593 2332 significatione
1611 2269 1787 2316 dicere
1778 2286 1822 2315 m
1847 2270 2067 2318 historicis
2084 2271 2245 2328 Verbi,
2270 2272 2400 2335 quod

395 2335 451 2382 sit
476 2336 722 2398 percipere,
758 2335 814 2382 de
850 2353 938 2400 qua
976 2337 1138 2400 saepius
1172 2336 1326 2400 prius3
1361 2351 1419 2382 ex
1451 2335 1842 2399 repraesentatione
1879 2336 2134 2394 Pharaonis,
2171 2340 2297 2402 quod
2339 2339 2407 2386 sit'

398 2401 644 2458 Naturale,
681 2403 731 2448 ἅτ
754 2417 811 2449 ex
836 2403 1228 2465 repraesentatione
1253 2401 1462 2465 Josephi‚
1497 2403 1622 2465 quod
1646 2402 1700 2449 fit
1722 2401 1901 2448 coeleste
1924 2373 2179 2466 spiritualis,
2214 2405 2272 2451 de
2294 2404 2400 2478 qui-

397 2467 482 2514 bus
506 2468 644 2514 etiam
669 2469 820 2542 prius:
857 2469 982 2533 quod
1006 2470 1058 2517 fit
1082 2471 1317 2533 perceptio
1343 2468 1579 2516 Naturalis
1604 2483 1628 2514 e
1651 2467 1825 2519 coelesti
1858 2468 2096 2532 spiritualis
2121 2486 2227 2533 quae
2259 2469 2397 2533 figni-

397 2533 573 2589 ficatur‚
609 2535 670 2580 est
694 2533 803 2598 quia
821 2534 1038 2584 Naturale
1061 2550 1251 2583 omnem
1272 2534 1393 2582 fuam
1413 2533 1753 2599 perceptionem
1771 2534 1906 2583 habet
1921 2552 1979 2584 ex
1998 2537 2226 2600 superiori
2236 2539 2294 2594 se,
2319 2535 2399 2585 hic
2455 2546 2458 2548 ’

397 2615 456 2647 ex
479 2615 565 2646 coe
557 2599 648 2647 'esti
669 2600 921 2662 spirituaii&
957 2601 1081 2666 quod
1104 2602 1166 2649 est
1187 2601 1398 2665 superius,
1508 2624 1511 2625 ⁷
2030 2617 2104 2649 σι

470 2666 615 2727 5316.
651 2666 790 2722 Vide,
825 2668 932 2715 dedi
950 2681 992 2716 te
1012 2668 1139 2729 super
1162 2684 1350 2716 omnem
1374 2680 1538 2715 terram
1557 2666 1771 2730 AEgypti,
1805 2667 1945 2732 quod
1957 2666 2180 2730 significet
2201 2667 2402 2716 dominiu-

396 2748 479 2780 um
515 2731 645 2793 super
679 2744 924 2796 utrumque
960 2734 1173 2789 naturale,
1208 2734 1381 2781 constat
1414 2750 1472 2781 ex
1506 2733 1833 2795 significatione
1862 2735 1969 2781 dare
2006 2735 2202 2799 aliquem
2237 2733 2396 2796 super,

400 2798 525 2863 quod
546 2798 599 2845 fit
622 2798 921 2853 dominium3
957 2801 1006 2847 ὅτ
1024 2815 1082 2846 ex
1100 2798 1428 2863 significatione
1446 2800 1600 2847 omnis
1617 2811 1746 2847 terrae
1763 2801 1980 2864 AEgypti,
2003 2802 2128 2865 quod
2149 2800 2205 2847 fit
2222 2814 2400 2848 utrum-

400 2880 489 2927 que
507 2864 717 2920 naturale,
753 2865 811 2911 de
829 2881 919 2927 qua
943 2865 1073 2929 supra
1092 2882 1147 2912 n:
1175 2866 1319 2930 5276.
1390 2866 1566 2927 Agitur
1588 2866 1737 2914 adhuc
1758 2868 1952 2931 amplius
1968 2867 2024 2913 de
2041 2866 2249 2922 domino,
2273 2867 2404 2932 quod

399 2930 577 2977 Pharao
602 2930 788 2979 tradidit
809 2931 1008 2995 Josepho
1027 2933 1157 2995 super
1181 2944 1344 2981 terram
1368 2932 1582 2996 AEgypti,
1618 2933 1746 2997 quod
1769 2947 1935 2996 nempe
1951 2931 2128 2978 Pharao
2153 2931 2293 2980 semet
2316 2949 2403 2998 po·

399 2995 556 3044 testate
582 2995 655 3043 sua
689 2997 1010 3060 deprivaverit,
1045 2999 1095 3046 ὅτ
1120 3010 1263 3046 totam
1288 2999 1559 3067 AEgyptum
1582 2998 1788 3063 Josepho
1811 2995 2091 3053 submiserit,
2126 3014 2236 3063 quae
2259 3001 2317 3046 ita
2341 3015 2403 3047 ex

400 3060 698 3109 Providentia
718 3063 896 3112 Divina
909 3064 1029 3112 fac‘ta
1048 3064 1163 3121 sunt,
1186 3078 1236 3113 ut
1260 3064 1488 3130 Josephus
1506 3062 1713 3113 indueret
1730 3062 2118 3127 repraesentatione
2125 3082 2170 3112 m
2191 3065 2403 3114 Coelestis

336 3156 343 3159 -
399 3126 641 3188 spiritualis
663 3130 787 3192 quod
816 3130 1023 3178 Domino
1045 3145 1153 3179 cum
1178 3130 1223 3178 in
1250 3131 1427 3179 mundo
1463 3130 1566 3187 fuit,
1600 3132 1650 3178 &
1673 3145 1754 3194 per
1774 3129 1901 3193 quod
1929 3130 2172 3180 Dominus
2199 3132 2403 3179 naturale

399 3191 534 3246 suum
556 3194 607 3245 &
623 3210 808 3261 quoque
824 3195 1038 3271 sensuale,
1073 3195 1313 3265 disposuit,
1347 3209 1402 3248 ut
1423 3209 1683 3265 utrumque
1697 3196 1931 3269 successive
1949 3196 2180 3248 Divinum
2199 3196 2402 3315 facerit
2384 3232 2408 3253 ,

2343 3278 2405 3320 Qc.
