2606 3646
328 227 639 333 CAPUT
696 171 1552 322 ‹tumme-annm
1590 230 2071 310 TERTIUM.
2145 244 2278 329 187

274 373 457 440 uliqmd
476 366 645 420 amoris
669 362 852 422 mundi,
884 363 1216 430 consequenter
1238 379 1331 413 non
1355 356 1530 426 aliquid
1550 355 1739 421 fraudis,
1776 364 1969 423 timoriS,
2007 366 2233 433 irrequiei.

347 439 493 503 5661.
532 435 649 483 Non
674 433 842 480 scimus
876 432 982 497 quis
1017 432 1168 496 posuit
1191 441 1438 493 argentum
1462 429 1509 476 in
1533 427 1743 477 manticis
1765 433 1944 490 nostris,
1980 437 2106 500 quod
2132 437 2267 499 signi-

276 498 387 558 ficet
406 512 499 552 non
520 501 664 550 ‘fidem
679 515 742 565 ex
765 499 1023 564 ignorantia
1040 516 1066 547 a
1082 515 1177 564 quo
1194 512 1355 547 verum
1376 495 1422 544 in
1443 491 1630 544 naturali
1649 498 1878 556 exteriori,
1912 502 2084 548 constat
2101 519 2159 551 ex
2179 504 2267 567 fig-

276 571 540 623 efficatione
565 579 658 616 non
692 565 814 627 scire,
850 566 978 631 quod
1001 567 1045 613 in
1068 565 1196 614 sensu
1219 563 1440 630 spirituali
1464 563 1519 610 fit
1541 574 1635 607 non
1657 565 1856 622 credere,
1893 566 1968 614 seu
1993 584 2084 615 non
2120 571 2264 626 fides;

276 649 303 687 a
328 635 654 703 significatione
670 634 777 699 quis
795 633 963 698 posuit,
984 633 1115 699 quod
1133 633 1189 682 fit
1205 629 1462 696 ignorantia
1477 647 1504 678 a
1521 641 1648 700 q1303
1682 646 1708 678 a
1725 631 2053 696 significatione
2070 646 2264 698 argenti,

273 705 405 772 quod
429 705 484 752 fit
507 718 690 760 verum,
725 701 785 748 de
807 716 899 766 qua
918 716 981 748 n:
1008 702 1174 764 5658,
1209 701 1261 748 δε
1283 715 1310 748 a
1332 698 1659 764 significatione
1691 699 1919 758 manticae,
1954 702 2081 766 quod
2107 704 2162 752 fit
2185 721 2265 754 na-

268 773 416 833 turale
434 769 649 826 exteriuS,
683 767 743 816 de
766 783 860 832 qua
882 783 913 814 n
933 783 945 814 z
972 782 1118 833 5497.
1824 827 1832 831 q

344 839 491 901 5662.
528 837 595 885 Et
616 836 737 883 dixit
759 850 850 898 pax
871 834 1020 890 vobis,
1057 849 1114 882 ne
1133 833 1349 891 timeatiS,
1384 833 1513 900 quod
1530 835 1770 901 fignificet,
1804 834 1935 899 quod
1960 835 2073 884 bene
2097 838 2164 893 fit,
2202 854 2264 901 nev

272 899 532 971 desperent,
554 902 729 952 constat
751 917 808 950 ex
830 901 1161 965 significatione
1183 901 1324 964 pacis,
1348 902 1478 966 quod
1497 903 1551 952 fit
1567 905 1685 952 bene
1707 901 1812 958 effe,
1835 901 1895 948 de
1915 917 2004 967 qua
2023 902 2226 968 sequitur
2245 927 2261 960 3

270 975 323 1030 ὅτ
342 990 373 1021 -ει
405 971 736 1036 significatione
760 983 817 1015 ne
850 967 1066 1026 timeatis,
1088 969 1218 1034 quod
1242 968 1294 1016 fit
1330 984 1387 1015 ne
1402 968 1674 1034 desperent;
1710 968 1860 1031 agitur
1891 969 2015 1016 enim
2053 972 2100 1017 in
2135 972 2259 1020 sensu

266 1039 530 1089 interno-de
555 1033 984 1092 mutatione‘status,
1019 1035 1150 1100 quod
1194 1047 1288 1082 non
1311 1035 1510 1100 amplius
1527 1053 1583 1086 ex
1606 1037 1788 1101 propria
1808 1038 2009 1098 potentia
2026 1053 2260 1101 compara-

269 1118 371 1157 rent
395 1105 474 1154 fibi
493 1120 618 1162 vera,
655 1104 706 1151 &
723 1117 805 1167 per
832 1117 937 1150 vera
957 1104 1151 1160 bonum,
1186 1101 1260 1151 sed
1281 1103 1410 1167 quod
1434 1103 1522 1151 iliis
1546 1120 1604 1152 ex
1626 1102 1839 1152 Domino
1861 1102 2137 1151 donarentur
2157 1127 2170 1160 3
2207 1107 2259 1154 «Sc

268 1176 376 1239 quia
399 1184 632 1237 putarunt,
667 1168 798 1233 quod
821 1170 881 1217 fic
904 1169 1103 1217 amissuri
1128 1170 1390 1234 proprium,
1430 1171 1494 1218 ita
1517 1172 1730 1227 liberum,
1764 1169 2091 1235 consequenter
2114 1188 2258 1228 omne

259 1240 524 1305 jucundum
558 1237 686 1294 vitae,
723 1236 771 1283 in
793 1235 1103 1300 desperatione
1136 1235 1332 1292 fuerunt,
1366 1248 1418 1284 ut
1454 1237 1514 1284 ab
1535 1238 1626 1285 illis
1647 1252 1754 1301 quae
1778 1239 2061 1300 praecedunt,
2097 1252 2220 1300 patet
2240 1262 2257 1296 ;

272 1307 380 1355 inde
404 1305 483 1363 est,
520 1303 649 1370 quod
672 1317 754 1367 per
775 1317 832 1350 ne
852 1304 1050 1352 timeatis
1085 1302 1160 1350 hic
1191 1302 1475 1364 fignificetur
1491 1320 1547 1351 ne
1569 1304 1805 1368 desperent
1826 1325 1839 1357 ;
1875 1305 2016 1352 timor
2048 1306 2173 1353 enim
2199 1323 2258 1355 ex

266 1374 405 1422 variis
426 1373 566 1432 caufis
589 1370 748 1426 oritur,
783 1384 841 1416 n:
862 1371 1012 1433 5647,
1050 1369 1155 1416 inde
1172 1370 1310 1415 etiam
1330 1369 1450 1416 varia
1466 1370 1705 1433 fignificat.
1779 1372 1924 1432 Qod
1950 1372 2046 1419 Pax
2068 1374 2122 1420 fit
2141 1373 2255 1421 bene

229 1441 238 1449 “
266 1441 379 1499 effe,
415 1440 480 1487 e'st
502 1440 611 1503 quia
644 1435 708 1484 e'st
726 1435 964 1492 intimum,
998 1437 1048 1483 δε
1075 1435 1182 1483 inde
1204 1428 1453 1485 universale
1477 1452 1668 1500 regnans
1692 1439 1738 1483 in
1763 1439 1978 1485 omnibus
2001 1439 2052 1486 δε
2071 1439 2257 1503 [iugulis

265 1507 316 1555 in
340 1502 501 1563 coeio,
537 1504 602 1553 est
619 1502 744 1550 enim
763 1502 859 1549 Pax
871 1502 922 1566 'in
939 1502 1081 1559 coelo,
1116 1502 1231 1550 sicut
1249 1502 1295 1549 in
1312 1514 1426 1551 terra
1449 1504 1564 1561 Ver,
1600 1504 1675 1551 seu
1698 1502 1808 1551 ficut
1825 1520 1997 1560 aurora,
2033 1522 2140 1569 qnae
2159 1524 2253 1555 non

262 1573 464 1623 afficiunt
483 1586 569 1636 *per
592 1567 814 1619 sensibiles
837 1569 1093 1627 varietates,
1130 1569 1207 1617 sed
1231 1584 1313 1633 per
1334 1585 1570 1618 amaenum
1596 1570 1847 1617 universale
1872 1571 1997 1636 quod
2022 1573 2174 1620 influit
2201 1575 2248 1622 in

260 1639 439 1705 fingu‘ia
471 1648 578 1704 quae
601 1636 934 1703 percipiuntur,
971 1637 1140 1684 &non
1165 1636 1309 1684 modo
1333 1636 1475 1701 ipsam
1510 1639 1870 1702 perceptionem,
1908 1637 1980 1685 sed
2003 1639 2141 1687 etiam
2167 1640 2255 1689 fin-

259 1710 375 1770 guia
397 1705 575 1772 o'b'jedta
611 1703 872 1752 amaenitate
897 1703 1096 1750 imbuit:
1134 1700 1272 1751 hodie
1296 1703 1378 1751 vix
1401 1704 1562 1768 aliquis
1586 1705 1734 1760 novit,
1769 1705 1884 1769 quid
1910 1705 2029 1764 Pax,
2066 1707 2144 1754 ubi
2172 1724 2254 1757 no-

262 1776 464 1823 minatur
492 1773 540 1820 in
563 1771 739 1828 Verbo,
774 1783 827 1818 ut
851 1770 897 1817 in
921 1769 1244 1818 Benedictione
1280 1778 1315 1802 “
1341 1770 1507 1820 Elevet
1526 1772 1738 1834 Jehovah
1758 1772 1891 1819 facies
1917 1772 2010 1820 suas
2035 1772 2163 1838 super
2185 1788 2248 1833 te,

256 1841 313 1889 ec
324 1848 458 1904 pona't
475 1840 553 1888 tibi
571 1836 772 1888 Pacem''
798 1836 962 1885 Num:
987 1852 1039 1884 vr
1063 1854 1073 1883 :
1101 1837 1181 1893 26,
1206 1837 1256 1885 ὅτ,
1277 1837 1384 1885 alibi
1408 1859 1422 1892 3
1457 1837 1604 1886 credit
1622 1854 1754 1901 paene
1772 1839 2091 1903 unusquisque,
2117 1844 2248 1906 quod

261 1923 358 1972 pax
372 1907 426 1955 fit
447 1906 654 1957 securitas
672 1904 730 1952 ab
746 1903 969 1961 hostibus,
1003 1904 1192 1968 &quod
1210 1905 1265 1951 fit
1284 1904 1584 1968 tranquillitas
1602 1907 1648 1952 in
1667 1906 1830 1963 domo,
1866 1908 1918 1954 ὅτ
1942 1906 2059 1955 inter
2082 1909 2247 1964 socios;

259 1973 339 2024 sed
374 1974 474 2023 haec
513 1984 604 2038 pax
629 1987 722 2020 non
744 1971 811 2033 ibi
830 1969 1124 2033 intelligitur,
1160 1984 1325 2019 verum
1359 1971 1456 2019 Pax
1475 1986 1580 2036 quae
1612 1973 1888 2020 immensum
1928 1973 2052 2020 illam
2087 1991 2247 2037 pacem

260 2039 553 2096 transcendit,
589 2038 653 2087 est
676 2039 774 2086 Pax
791 2036 1010 2094 coelestis,
1043 2038 1102 2085 de
1125 2053 1229 2102 qua·
1244 2054 1357 2086 mox
1380 2037 1514 2102 supra
1536 2060 1551 2093 ·‚
1586 2038 1670 2086 hac
1693 2054 1802 2103 pace
1822 2055 1965 2088 -nemo
1988 2040 2141 2088 donari
2163 2059 2250 2106 po-

252 2107 360 2164 te'st,
395 2107 479 2156 nisi
513 2108 596 2172 qui
628 2105 798 2153 dicitur
835 2121 862 2152 a
899 2105 1138 2164 Domino,
1175 2121 1226 2153 ac
1249 2105 1540 2154 in—Domino
1578 2105 1659 2162 est,
1697 2108 1786 2154 hoc
1809 2106 1890 2165 est,
1926 2107 1973 2154 in
1996 2108 2130 2164 coelo,
2163 2109 2245 2157 ubi

256 2173 489 2223 Dominus
513 2173 576 2221 est
597 2187 746 2221 omne*
762 2171 808 2219 in
831 2171 1083 2227 omnibus;
1112 2187 1218 2235 pax,
1239 2172 1365 2219 enim
1396 2171 1594 2220 coelestis
1629 2173 1798 2229 influit,
1837 2189 1945 2221 cum
1971 2175 2246 2238 cupiditates

257 2241 472 2291 oriundae
501 2257 561 2289 ex
582 2250 736 2288 amore
758 2237 827 2287 fui
850 2240 900 2286 &
923 2238 1089 2286 mundi
1115 2238 1302 2286 subiatae
1326 2238 1448 2295 sunt,
1484 2253 1591 2286 nam
1615 2238 1690 2287 hae
1716 2239 1818 2287 sunt
1839 2257 1946 2305 quae
1971 2242 2142 2289 toilunt
2165 2260 2245 2308 pa-

254 2323 382 2367 cem,
418 2308 628 2357 infestant
645 2307 771 2355 enim
792 2305 1005 2355 interiora
1022 2305 1241 2363 hominis,
1276 2307 1328 2354 ὅτ
1352 2305 1526 2354 faciunt
1539 2318 1590 2353 ut
1608 2307 1789 2355 tandem
1816 2319 1959 2371 ponat
1984 2308 2028 2355 in
2048 2311 2244 2373 irrequie

245 2375 485 2441 quietern,
514 2376 572 2424 -&
596 2375 643 2423 in
665 2373 836 2425 infestis
859 2387 1047 2436 pacem,
1074 2374 1186 2438 quia
1211 2373 1256 2421 in
1282 2373 1413 2421 malis
1437 2371 1735 2438 jucundum;
1771 2375 1998 2438 quamdiu
2025 2375 2169 2423 homo
2192 2378 2240 2423 in

254 2443 329 2492 his
351 2441 432 2499 est,
469 2457 760 2507 nequaquam
785 2441 894 2490 scire
924 2439 1073 2504 potest
1095 2440 1211 2504 quid
1235 2456 1344 2505 pax,
1386 2440 1485 2488 imo
1508 2441 1684 2513 tagrdiu
1709 2441 1864 2498 credit,
1899 2441 2027 2504 quod
2053 2458 2141 2505 pax
2166 2443 2242 2491 issa

255 2507 391 2558 nihili
414 2509 470 2558 fit
489 2529 506 2564 ;
539 2510 591 2558 &
614 2509 649 2556 fi
671 2509 780 2573 quis
797 2506 929 2564 dicit,
954 2506 1081 2571 quod
1109 2518 1215 2554 tunc
1235 2507 1315 2555 ⁴illa
1347 2523 1437 2571 pax
1461 2508 1517 2555 ad
1542 2509 1885 2571 perceptionem
1920 2508 2090 2564 veniat,
2125 2525 2233 2558 cum

245 2575 459 2644 jucunda
475 2590 532 2623 ex
552 2586 706 2624 amore
730 2574 866 2622 sui&
884 2573 1049 2621 mundi
1069 2572 1236 2621 sublata
1259 2574 1378 2630 sunt,
1403 2574 1535 2630 ridet,
1560 2573 1692 2622 causa
1714 2573 1794 2631 est,
1831 2575 1939 2638 quia
1965 2575 2007 2620 in
2025 2573 2236 2636 jucundo

254 2643 388 2699 mali,
423 2642 551 2707 quod
575 2641 928 2706 estoppofitum
963 2641 1084 2703 paci,
1118 2641 1270 2704 ponit·
1292 2656 1468 2704 pacem.
1539 2642 1658 2705 Qia
1683 2656 1775 2704 pax
1819 2642 1915 2689 ralis
1952 2640 2031 2696 est,
2069 2658 2237 2707 nempe

227 2710 471 2759 ›omnium
496 2709 766 2757 felicitatum
787 2709 839 2756 &c
862 2706 1201 2756 beatitudinum
1228 2708 1465 2766 intimum,
1501 2707 1680 2755 &inde
1706 2708 1951 2755 universale
1978 2709 2022 2754 in
2049 2710 2237 2771 singulis

241 2784 461 2841 regnans,
497 2775 603 2824 ideo
641 2776 845 2839 Antiqui
868 2789 953 2838 pro
973 2773 1211 2822 communi
1254 2773 1450 2823 formula
1488 2771 1554 2822 usi
1593 2774 1715 2831 sunt,
1753 2774 1917 2832 dicere,
1958 2775 2051 2821 Pax
2084 2777 2232 2834 vobin

215 2904 220 2905 ⁷
248 2859 361 2892 cum
385 2843 694 2906 intelligerent
709 2853 761 2889 ut
786 2842 901 2888 bene
925 2840 996 2897 fit,
1034 2856 1084 2888 ac
1109 2840 1384 2904 interrogare
1409 2856 1522 2891 num
1546 2857 1633 2905 pax
1660 2842 1761 2896 illis,
1796 2858 1901 2888 cum
1930 2842 2237 2904 inte'liigerent

241 2903 369 2958 ‘num
394 2909 510 2958 bene
543 2909 612 2956 sit.
679 2907 937 2954 Videantur
956 2922 1065 2970 quae
1087 2909 1213 2969 prius
1235 2907 1293 2954 de
1317 2908 1432 2955 Pace
1465 2909 1585 2954 dicta
1610 2908 1660 2955 &
1690 2907 1861 2954 ostensa
1886 2908 2003 2962 sunt,
2040 2925 2229 2972 nempe,

246 2976 399 3042 Qod
421 2975 520 3023 Pax
539 2976 584 3023 in
601 2975 731 3023 coelis
756 2973 807 3021 fit
823 2973 964 3032 „instar
984 2973 1105 3019 veris
1123 2975 1173 3021 &
1191 2979 1365 3021 aurorae
1383 2975 1429 3021 in
1448 2975 1592 3031 terris,
1631 2990 1658 3020 n
1679 2992 1688 3020 :
1720 2975 1859 3037 1726.
1885 2978 2044 3033 2780,
2081 2978 2233 3039 Quod

243 3041 353 3090 'Pax
369 3043 422 3092 fit
439 3044 487 3090 in
504 3040 860 3107 supremosensu
871 3038 1122 3095 Dominus,
1159 3040 1203 3086 in
1223 3040 1588 3102 repraesentati-vo
1603 3041 1826 3104 Regnum
1847 3041 2006 3102 Ipsius,
2043 3043 2092 3088 δε
2109 3042 2233 3106 quod

174 3166 191 3176 .
251 3107 309 3163 fit
329 3109 557 3158 Divinum
580 3107 775 3158 Domini
792 3107 987 3154 afficiens
1005 3107 1180 3155 bonum
1197 3108 1253 3156 ab
1271 3107 1454 3165 intimo,
1493 3124 1519 3153 n
1543 3125 1552 3153 :
1581 3112 1724 3171 3780.
1748 3107 1894 3165 4681.
1966 3108 2108 3171 Qod
2129 3113 2233 3156 οη]-Ι

246 3173 601 3239 ’τιίεῑίηεςιιίεενει
624 3176 746 3224 malo
765 3176 818 3224 ’ὃῑ
840 3173 965 3230 falso,
1001 3187 1091 3237 pax
1113 3186 1268 3221 autem
1292 3189 1318 3220 a
1347 3176 1471 3222 bono
1494 3175 1545 3222 &
1567 3189 1693 3230 vero,
1734 3190 1759 3219 n
1784 3191 1794 3219 :
1822 3189 1966 3235 3170.

316 3239 470 3304 5663.
505 3243 634 3293 Deus
656 3241 874 3292 vester&
891 3241 1025 3292 *Deus
1048 3241 1186 3308 patris
1196 3240 1363 3356 Kestri,
1396 3241 1521 3307 quod
1548 3240 1768 3303 significet
1794 3239 2026 3289 Divinum
2050 3242 2235 3289 Hui-naz

1270 3322 1296 3355 a
1334 3324 1357 3356 2
2117 3323 2229 3357 num
