2566 3640
408 257 715 332 CAPUT
753 255 1508 344 QUADRAGESIMU
1510 257 1598 326 M
1645 254 1858 325 NON
1859 254 2045 325 UM.
2106 251 2203 342 46
2201 267 2250 342 9

261 396 314 447 fit
352 394 606 450 Dominus,
656 388 755 454 Qi
790 404 871 454 per
908 388 1112 438 Israelem
1152 390 1216 439 ibi
1258 390 1541 453 intelligitur,
1596 389 1770 439 constat
1801 388 1925 452 apud
1957 386 2242 435 Matthaeumi

261 471 298 495 “
323 461 498 526 Joseph
518 473 627 507 curn
651 471 795 520 puero
829 455 914 504 ivit
937 455 983 503 in
1009 456 1275 522 AEgyptum
1295 479 1311 513 ·,
1359 469 1425 514 ut,
1446 456 1710 521 impleretur
1730 455 1857 522 quod
1879 455 2056 503 didium
2079 467 2105 499 a
2130 451 2247 510 Pro--

260 529 419 596 pheta,
452 541 509 574 ex
535 525 743 587 AEgypto
770 523 927 569 vocavi
950 522 1095 570 filium
1120 539 1294 571 meum.
1331 574 1337 583 s

332 593 476 654 6426.
525 590 712 638 Exinde
737 588 900 652 pastor,
954 589 1066 653 lapis
1091 589 1278 646 Israelis,
1329 589 1457 654 quod
1481 589 1703 652 significet
1720 588 1843 654 quod
1868 586 1974 636 inde
1997 599 2134 634 omne
2158 583 2243 630 bo-

260 676 376 711 num
399 661 450 707 &
472 672 636 704 verum
676 654 896 719 spirituali
934 656 1121 718 Regno,
1172 655 1345 704 constat
1368 672 1392 703 a
1418 655 1746 719 significatione
1783 654 1985 719 pastoris,
2036 650 2163 716 quod
2187 649 2247 696 sit

259 727 344 793 qui
365 724 494 773 ducit
516 724 572 770 ad
598 724 774 770 bonum
796 721 1023 768 charitatis
1046 736 1126 782 per
1149 737 1309 770 verum
1333 722 1461 779 fidei,
1512 723 1569 769 de
1592 737 1684 786 qua
1708 738 1765 768 n:
1793 737 1885 784 343
1917 735 2060 782 3795.
2087 718 2238 774 6044,

257 794 334 842 hic
359 793 405 839 in
423 791 637 854 supremo
659 786 801 843 sensu,
822 787 926 850 quia
945 786 1004 834 de
1025 786 1251 845 Domino,
1274 786 1339 835 est
1361 786 1511 851 ipsum
1534 789 1710 836 bonum
1733 788 1783 836 &
1807 802 2000 839 verum3
2024 799 2083 832 ex
2104 780 2244 844 figni-

258 858 473 908 ficatione
497 855 676 918 lapidis,
710 852 840 917 quod
864 853 916 900 sit
938 868 1117 909 verum,
1150 854 1210 900 de
1231 869 1320 918 qua
1339 869 1396 900 n:
1427 856 1569 920 1298.
1592 869 1736 916 3720.
1760 853 1901 916 3769.
1923 865 2066 915 3771.
2089 864 2236 911 3773-

259 927 407 990 3789.
431 924 590 986 37983
625 921 676 966 δε
697 934 756 965 ex
778 917 1174 979 repraesentatione
1199 918 1383 974 IsraeliS,
1433 921 1562 985 quod
1585 920 1637 967 sit
1663 918 1864 966 Ecclesia
1888 915 2148 980 spiritualis,
2182 915 2242 960 de

260 1006 351 1056 qua
373 1006 432 1037 n:
457 1002 599 1050 3305.
622 983 770 1042 4286,
789 998 895 1032 narn
915 983 1045 1031 Israel
1061 983 1124 1030 est
1142 985 1318 1033 bonum
1337 984 1564 1048 spirituale
1584 985 1659 1032 seu
1677 986 1852 1032 bonum
1873 982 1984 1036 veri,
2009 997 2066 1027 n:
2091 981 2242 1038 4286.

262 1058 412 1118 4598.
438 1056 582 1115 5801.
609 1054 754 1112 5803.
781 1049 926 1112 5806.
953 1052 1099 1110 5812.
1124 1054 1270 1113 5817.
1294 1054 1438 1115 5819.
1477 1052 1623 1114 5826.
1650 1055 1814 1112 58333
1860 1051 1909 1097 &
1934 1048 2043 1113 quia
2065 1047 2243 1094 bonum

258 1122 359 1170 veri
380 1119 445 1169 est
470 1118 622 1183 ipsum
645 1115 866 1164 effentiale
891 1114 1106 1163 Ecclesiae
1129 1117 1387 1180 spiritualiS,
1425 1118 1590 1165 idcirco
1608 1132 1687 1181 per
1703 1117 1910 1164 Israelem
1936 1115 2130 1163 Ecclesia
2152 1114 2244 1178 spi-

259 1188 436 1236 ritualis
460 1183 754 1246 significatur,
797 1183 847 1229 ὅτ
869 1183 916 1229 in
939 1181 1165 1246 superiore
1189 1183 1314 1231 sensu
1337 1183 1554 1246 Regnum
1583 1183 1810 1247 spirituale
1835 1182 2057 1230 Domini:
2093 1197 2151 1229 ex
2175 1183 2246 1228 his

258 1265 402 1318 patet,
453 1250 581 1315 quod
605 1264 684 1313 per
705 1247 870 1295 exinde
892 1248 1060 1311 pastor,
1113 1248 1224 1313 lapis
1261 1249 1444 1307 Israelis,
1495 1250 1775 1312 fignificetur
1808 1248 1935 1313 quod
1960 1248 2067 1294 inde
2103 1263 2246 1296 omne

262 1322 438 1368 bonum
462 1320 512 1365 &
538 1331 703 1362 verum
742 1313 960 1377 spirituali
1003 1315 1172 1377 Regno
1215 1316 1429 1364 Domini.
1499 1315 1642 1381 Qod
1669 1315 1813 1379 Lapis
1837 1315 2006 1363 Israelis
2028 1315 2081 1363 sit
2104 1315 2149 1362 in
2174 1314 2248 1362 su-

261 1401 427 1451 premo
460 1381 582 1431 sensu
618 1380 849 1429 Dominus
884 1381 1034 1444 quoad
1059 1381 1233 1430 Verum
1267 1381 1394 1445 quod
1417 1383 1583 1445 Regno
1609 1382 1751 1444 Ipsius
1774 1380 2010 1444 spirituali,
2044 1381 2108 1428 est
2137 1382 2250 1445 quia

260 1468 344 1517 per
379 1449 607 1514 Lapidem
632 1447 677 1496 in
701 1461 865 1510 genere
902 1447 1176 1508 significatur
1216 1448 1494 1512 Templum,
1546 1450 1596 1497 δι
1629 1448 1675 1495 in
1709 1447 1852 1511 specie
1889 1446 2245 1495 fundamentum

262 1518 378 1581 ejus,
412 1518 463 1566 ὅτ
484 1530 565 1580 per
587 1512 844 1576 Templum
867 1512 1146 1575 significatur
1177 1512 1404 1563 Divinum
1448 1517 1725 1563 Humanum
1751 1514 1964 1571 Domini,
2001 1527 2050 1562 ut
2073 1514 2249 1562 constat

260 1585 401 1650 apud‘
421 1584 684 1644 Johannem
707 1579 807 1640 Cap
827 1595 838 1623 ε
868 1595 888 1627 1
903 1596 922 1627 1
943 1594 955 1624 ε
980 1578 1119 1626 Vers:
1144 1595 1217 1642 19.
1240 1593 1294 1627 21
1322 1601 1337 1633 ;
1371 1581 1422 1628 &
1451 1596 1634 1644 quoque
1659 1596 1738 1641 per
1761 1579 2111 1628 fundamentum
2135 1579 2247 1645 ejus,

263 1649 396 1714 apud·
426 1646 711 1696 Matthaeum
751 1644 883 1707 Cap:
906 1658 996 1690 xxi
1021 1661 1032 1692 :
1056 1660 1138 1705 42.
1164 1661 1264 1705 44³
1315 1646 1366 1693 &
1403 1647 1527 1710 apud
1569 1645 1749 1694 Esaiam
1785 1646 1914 1709 Cap:
1937 1663 2136 1695 xxvur:
2167 1650 2247 1699 16.

261 1715 407 1780 Qod
432 1714 574 1778 Lapis
600 1713 645 1759 in
669 1710 877 1774 supremo
894 1709 1018 1757 sensu
1037 1711 1090 1758 sit
1110 1711 1341 1760 Dominus
1366 1712 1515 1775 quoad
1539 1713 1769 1759 Divinum
1787 1728 1950 1759 verum
1969 1715 2096 1775 quod
2116 1714 2245 1778 Reg-

261 1798 325 1831 no
348 1781 490 1845 Ipsius
514 1776 748 1844 spirituali,
799 1786 924 1839 patet
944 1775 1068 1839 apud
1091 1777 1326 1824 Davidem
1388 1785 1423 1806 “
1447 1779 1586 1840 Lapis
1604 1793 1723 1841 quem
1746 1779 1978 1842 rejecerunt
2000 1780 2243 1840 architebti,

246 1851 400 1911 fabius
421 1847 476 1898 eli
497 1848 543 1893 in
565 1853 694 1905 caput
714 1842 878 1906 anguli,
911 1857 937 1889 a
958 1858 1064 1891 cum
1091 1842 1301 1907 jehovah
1325 1842 1492 1891 fastum
1517 1844 1579 1892 est
1603 1846 1690 1892 hoc
1710 1865 1725 1898 ;
1770 1844 1843 1891 ille
1865 1845 1929 1892 est
1954 1847 2170 1898 mirabilis
2192 1852 2244 1896 in

265 1914 410 1962 oculis
427 1911 585 1960 nostris
602 1909 634 1933 '²
669 1907 849 1957 Psalm:
873 1923 1030 1957 cxvm
1051 1926 1063 1957 z
1087 1913 1178 1959 '2‚2.
1207 1925 1288 1972 23,
1325 1910 1451 1974 quod
1470 1909 1608 1973 Lapis
1627 1910 1690 1957 ibi
1716 1911 1769 1957 sit
1790 1911 2036 1966 Dominus,
2071 1914 2246 1962 constat

264 1980 389 2043 apud
416 1979 596 2026 Lucam
648 1983 686 2006 “
706 1975 936 2039 Scriptum
958 1975 1039 2033 est,
1090 1991 1206 2040 quem
1230 1976 1437 2034 Lapidem
1460 1978 1696 2041 rejecerunt
1718 1977 1960 2034 architebii,
2012 1979 2080 2026 hic
2092 1981 2247 2042 fabius

264 2047 382 2107 estin
405 2054 532 2107 caput
552 2043 728 2107 Anguli,
761 2041 1023 2115 quicunque
1038 2042 1246 2091 ceciderit
1262 2041 1389 2116 super
1403 2044 1534 2128 illum
1553 2042 1776 2107 Lapidem,
1811 2044 2137 2106 confringetur,
2175 2049 2247 2096 su-

266 2109 1078 2242 323ssffiloexggfflfflnffff
1087 2123 1532 2231 ιῗῖὲᾞὲἓῗεῆζῗ
1548 2128 1607 2223 ’δέ
1620 2125 1716 2223 ‘ihc'
1730 2110 2247 2235 {gsffiss‘ffissssffzffss

267 2245 390 2294 enim
417 2244 462 2290 in
488 2242 822 2298 Sanstuarium‚
858 2240 963 2288 licet
983 2243 1027 2288 in
1047 2239 1254 2303 Lapidem
1271 2243 1485 2305 impulsits‚
1523 2244 1572 2289 ὅτ,
1594 2244 1640 2289 in
1655 2251 1826 2304 petram
1849 2241 2100 2303 offkndiculi,
2135 2246 2247 2295 dua-

268 2311 352 2359 bus
369 2308 582 2357 domibus
599 2306 790 2360 Israelis;
825 2306 1084 2371 impingent
1102 2307 1214 2355 inter
1231 2323 1305 2355 eos
1324 2310 1476 2364 multi,
1510 2310 1561 2356 δε
1576 2308 1754 2364 cadent,
1790 2309 1838 2355 &
1856 2309 2198 2373 confringentur
2211 2314 2247 2334 '’

268 2391 398 2424 vui:
430 2392 504 2438 13.
536 2391 609 2434 14.
642 2391 718 2435 15,
754 2372 831 2419 ubi
855 2373 912 2419 de
939 2373 1161 2434 Domino,
1231 2375 1380 2436 Apud
1419 2375 1632 2422 Eundem
1670 2384 1703 2404 ‘⁸
1730 2375 1866 2423 Dixit
1902 2376 2132 2424 Dominus
2169 2380 2247 2440 Je-

171 2478 181 2488 .
270 2442 431 2497 hovih,
480 2456 580 2488 ecce
619 2440 742 2502 Ego,
781 2437 985 2503 fundabit
1006 2442 1050 2487 in
1074 2441 1203 2487 Zione
1236 2441 1464 2501 Lapidem,
1518 2439 1724 2503 Lapidem
1760 2442 2032 2504 probationis,
2081 2446 2247 2510 Anguli

259 2509 414 2570 pretii,
437 2505 704 2569 fundationis
714 2505 948 2568 fundatam
973 2507 1049 2570 qui
1068 2506 1321 2562 crediderit,
1347 2523 1437 2554 non
1458 2506 1724 2554 festinabit''
1750 2523 1907 2553 xxviii
1930 2525 1940 2553 :
1973 2509 2045 2556 16.
2097 2513 2246 2575 Apud

270 2573 524 2623 Sachariarn
560 2581 592 2602 “
617 2571 824 2619 Vifitabit
848 2572 1061 2634 Jehovah
1089 2572 1300 2619 Zebaoth
1325 2588 1520 2635 gregem
1541 2573 1689 2628 suum,
1725 2573 1915 2619 domum
1944 2575 2158 2636 Jehudae‚
2194 2567 2263 2627 δὲ

263 2651 410 2705 ponet
428 2653 503 2684 eos
522 2638 628 2685 ficut
645 2653 815 2702 equum
836 2637 1053 2698 gloriaein
1073 2637 1210 2691 bello,
1243 2654 1299 2684 ex
1320 2639 1397 2686 illo
1415 2639 1664 2700 Angularis,
1702 2654 1757 2684 ex
1776 2639 1854 2685 illo
1871 2640 2042 2696 clivus,
2086 2659 2143 2690 ex
2161 2645 2243 2694 illo

274 2722 404 2754 arcus
438 2704 533 2753 belli
546 2703 576 2727 ’³
610 2719 668 2750 x:
695 2721 739 2765 3.
763 2720 811 2762 4.
881 2703 1027 2766 Apud
1066 2702 1303 2750 Danielem
1343 2713 1376 2734 ‘⁶
1403 2705 1576 2752 Videris
1610 2703 1750 2761 fuisti,
1786 2701 1925 2768 usque
1957 2706 2068 2754 dum
2092 2713 2250 2772 excifits

273 2774 428 2835 Lapis,
473 2772 545 2834 qui
564 2785 646 2816 non
662 2782 742 2831 per
764 2784 929 2833 prunus,
977 2770 1031 2816 &
1054 2771 1258 2832 perculsit
1282 2769 1471 2817 statuam
1497 2771 1625 2833 super
1648 2773 1785 2834 pedes
1809 2770 1918 2832 eju3‚
1970 2774 2048 2835 qui
2079 2774 2248 2827 sermm

268 2840 319 2888 ὅτ
342 2836 510 2900 argilla,
544 2837 595 2883 δε
611 2833 826 2898 contrivit
843 2849 940 2892 eos,
975 2836 1109 2898 Lapis
1124 2837 1196 2899 qui
1204 2837 1615 2898 percuffitstatuam‚
1645 2838 1797 2900 fao‘Zus
1813 2838 1867 2897 est
1883 2840 1928 2884 in
1943 2850 2108 2902 petram
2125 2830 2248 2908 inag-

274 2921 388 2959 nam,
405 2905 454 2950 ὅτ.
473 2901 680 2966 implevit
696 2916 883 2948 omnem
901 2914 1080 2949 terram.
1117 2903 1311 2964 Surgere
1331 2904 1462 2950 faciet
1483 2905 1604 2950 Deus
1624 2903 1849 2961 coelorum
1867 2903 2105 2966 Regnum,
2124 2911 2253 2973 quod

274 2970 321 3018 in
341 2968 498 3018 saecula
518 2984 606 3014 non
626 2967 854 3030 perdetur,
876 2967 926 3014 ὅτ
945 2967 1164 3030 Regnum
1184 2967 1277 3030 ejus
1296 2969 1470 3032 populo
1492 2969 1565 3014 alii
1586 2983 1673 3015 non
1694 2969 1982 3032 permitte-:ur
2002 2993 2016 3025 3
2051 2989 2255 3025 conteret

276 3037 328 3085 δε
352 3035 583 3083 consumet
600 3032 756 3079 omnia
774 3031 846 3078 illa
863 3033 1043 3094 Regna,
1082 3033 1227 3095 ipsum
1252 3047 1399 3082 autem
1425 3033 1558 3081 stabit
1580 3035 1625 3080 in
1648 3034 1830 3083 saecula:
1867 3051 2103 3100 propterea
2125 3043 2252 3106 quod

275 3099 446 3155 vidisti,
493 3099 601 3163 quod
617 3116 638 3147 e
656 3108 783 3162 petra
807 3099 962 3161 excisus
986 3098 1038 3159 est
1060 3098 1187 3160 lapis,
1237 3101 1310 3161 qui
1331 3116 1411 3147 non
1428 3114 1508 3162 per
1530 3117 1695 3157 manus,
1747 3103 1796 3150 &
1817 3106 2033 3151 contrivit
2066 3105 2253 3164 ferrum,

277 3184 358 3223 aes,
393 3165 620 3228 argillam,
656 3175 903 3225 argentum
926 3166 974 3213 &
998 3181 1161 3213 aurum
1179 3163 1211 3182 '’
1254 3183 1273 3214 1
1290 3182 1305 3213 ι
1330 3182 1340 3211 :
1368 3182 1446 3229 34.
1474 3183 1550 3228 35.
1575 3184 1655 3226 44.
1682 3183 1743 3228 45
1767 3188 1780 3221 ·‚
1816 3168 1899 3221 hic,
1914 3185 1995 3232 per
2023 3172 2254 3236 Lapidem

275 3234 324 3285 in
350 3233 561 3297 supremo
586 3231 710 3283 sensu
739 3227 1009 3297 intelligitur
1033 3231 1281 3302 DominuS,
1317 3233 1366 3285 &
1389 3233 1435 3303 in
1458 3232 1581 3305 sensu
1605 3233 1856 3305 respestiyo
1882 3237 2100 3300 Regnum
2121 3240 2260 3302 Ipsius

2002 3304 2224 3368 spirituale
2240 3324 2261 3361 ε
