2606 3646
203 0 286 21 “qr
307 0 317 4 -

878 79 895 104 p

277 203 620 322 CAPU‘b,
643 233 1502 329 QUADRAGFSIMUM
1543 235 2014 315 TERTruM.
2081 247 2162 316 18
2167 266 2213 331 ,-

226 382 406 438 kemut,
439 391 542 427 vera
584 390 691 440 quae
733 374 902 422 donata
941 374 1102 439 gratiS,
1154 373 1279 439 quod
1324 374 1373 421 in
1408 372 1565 422 limine
1600 374 1812 434 naturalis
1860 376 2098 424 exterioris
2142 395 2212 428 re-

230 448 379 514 pofita
406 444 508 499 fint,
542 458 650 491 nam
683 457 766 507 per
801 457 852 489 os
885 442 1092 492 manticae
1128 440 1405 504 significatur
1442 440 1581 489 limen
1612 442 1845 489 exterioris
1881 444 2109 500 naturalis,
2147 461 2211 492 n:

234 526 383 579 5497.
437 502 597 574 ‘Qud
619 509 895 573 significetur
917 508 990 556 hic
1011 507 1130 571 quast
1149 508 1289 570 gratis
1311 507 1496 564 donata,
1533 507 1596 554 est
1617 507 1726 573 quia
1743 509 1788 555 in
1813 507 1929 557 statu
1952 510 2214 559 dubitativo

230 579 355 635 sunt,
389 592 500 624 num
514 574 731 640 conjungi
751 575 897 623 velint
914 575 1110 630 interne,
1145 574 1279 621 nihili
1297 574 1425 631 fiant,
1460 575 1636 622 &cum
1667 575 1773 640 quis
1804 577 1851 623 in
1893 575 2004 625 statu
2035 577 2215 625 dubita-

232 645 335 694 tivo
357 642 440 699 est,
475 643 618 692 etiam
641 642 700 699 de
722 643 842 690 veris
862 656 974 704 quae
994 640 1265 690 confirmant
1287 639 1418 688 sentit
1439 640 1710 688 dubitative.

298 709 446 773 5658.
485 711 755 772 Argentum
788 709 923 756 suum
961 707 1008 755 in
1041 707 1241 772 pondere
1271 706 1373 766 suo,
1408 707 1535 772 quod
1574 707 1797 772 fignificet
1827 725 1932 757 vera
1961 709 2213 759 secundum

226 775 401 826 statum
426 776 646 840 cujusviS,
680 774 854 824 constat
875 789 935 823 ex
956 774 1285 837 significatione
1307 775 1500 836 argenti,
1534 774 1663 838 quod
1682 775 1735 823 fit
1750 790 1931 834 verum,
1966 777 2025 823 de
2049 793 2140 841 qua
2159 795 2216 826 n:

230 859 377 906 1551.
406 859 429 891 2
437 859 467 907 9
474 858 572 906 543
607 843 659 891 &
681 859 706 890 a
730 841 1063 906 significatione
1096 840 1329 906 ponderis,
1362 840 1491 906 quod
1516 840 1571 888 fit
1593 840 1732 889 status
1755 842 1818 889 rei
1842 843 1994 907 quoad
2022 845 2214 901 bonum,

224 910 286 958 de
309 924 402 975 qua
424 926 481 957 n:
509 925 676 974 3104;
711 907 776 956 ita
798 906 1180 958 verasecundum
1219 906 1386 956 statum
1418 906 1635 971 cujusvis⁹
1670 908 1733 955 est
1758 907 2009 957 secundum
2028 911 2217 969 'bonum

227 977 359 1041 quod
383 975 581 1041 recipere
602 974 803 1039 poffunt.
873 973 1084 1022 Pondera
1106 975 1158 1023 &
1179 974 1406 1023 mensurae
1430 973 1588 1022 multis
1611 976 1658 1022 in
1681 974 1792 1023 locis
1811 976 1856 1022 in
1882 977 2040 1023 Verbo
2067 977 2219 1024 nomi-

226 1055 411 1100 nantur,
442 1055 491 1090 at
514 1042 561 1089 in
581 1041 707 1091 sensu
731 1041 913 1089 interno
930 1057 1024 1089 non
1048 1041 1308 1104 fignificant
1330 1041 1533 1105 pondera
1562 1042 1614 1090 δε
1631 1040 1879 1100 mensuras,
1918 1042 1990 1089 sed
2014 1045 2221 1106 pondera

225 1109 486 1174 significant
520 1109 658 1158 status
680 1108 744 1156 rei
765 1107 920 1181 quoad
946 1109 1146 1166 bonum,
1180 1110 1230 1157 &
1255 1108 1484 1157 mensurae
1507 1107 1645 1156 status
1668 1109 1733 1156 rei
1756 1111 1910 1173 quoad
1936 1125 2131 1164 verum;
2166 1110 2223 1157 fi-

166 1180 170 1181 ’
223 1187 306 1224 cut
341 1176 478 1223 etiam
501 1175 700 1237 gravitas
719 1175 768 1222 δε
789 1175 1007 1232 extenfi0‚
1042 1175 1245 1238 gravitas
1269 1191 1378 1240 quae
1399 1175 1448 1222 in
1472 1174 1655 1222 mundo
1684 1177 1877 1222 naturali
1890 1176 2222 1240 >correspondet

225 1242 354 1290 bono
387 1242 434 1289 in
470 1241 648 1302 mundo
680 1241 920 1305 spirituali,
955 1242 1006 1290 ὅτ
1027 1241 1231 1290 extensio
1265 1257 1413 1296 vero;
1447 1241 1577 1290 causa
1600 1240 1683 1297 est,
1719 1242 1830 1306 quia
1856 1242 1900 1288 in
1923 1242 2062 1299 coelo,
2098 1243 2222 1291 unde

224 1307 656 1372 correspondentiae,
692 1324 787 1356 non
810 1308 944 1356 datur
965 1307 1182 1371 gravitas„
1217 1323 1302 1355 nec
1319 1308 1536 1365 extenfio,
1572 1307 1680 1372 quia
1710 1324 1803 1355 non
1827 1308 2042 1372 spatium,
2078 1327 2220 1374 appa·
2255 1363 2257 1365 ,

225 1388 330 1423 rent
351 1374 545 1439 quidem
569 1373 726 1436 gravia
748 1375 798 1422 δε
829 1377 1011 1422 extensa
1038 1374 1162 1437 apud
1195 1372 1402 1438 spiritus,
1430 1373 1512 1421 sed*
1530 1374 1634 1422 sunt
1654 1375 1930 1437 apparentiae
1953 1378 2145 1423 oriunda
2162 1391 2221 1424 ex

169 1440 176 1444 ”
231 1442 421 1490 statibus
443 1441 552 1489 boni
575 1443 627 1490 ὅτ
649 1441 744 1487 veri
770 1441 815 1487 in
838 1440 960 1487 coelo
994 1439 1230 1504 superiori.
1255 1484 1261 1495 ,
1302 1440 1449 1504 Qod
1487 1441 1756 1503 Argentum
1791 1442 2014 1504 fignificet
2038 1459 2223 1500 verum,

225 1508 517 1558 notiffimum
533 1505 679 1555 fuerat
698 1505 922 1571 Antiquis
939 1506 1244 1570 temporibus,
1280 1506 1387 1554 inde
1410 1506 1614 1572 Antiqui
1640 1520 1852 1571 tempora
1874 1526 1900 1555 a
1924 1508 2072 1571 prima
2090 1523 2224 1558 aetate
2296 1512 2298 1514 ’

226 1573 290 1622 ad
304 1573 525 1623 ultimum
545 1573 726 1630 mundi,
751 1573 1054 1621 distinxerunt
1071 1574 1119 1620 in
1137 1572 1298 1635 saecula
1316 1589 1466 1631 aurea,
1498 1587 1725 1637 argentea,
1759 1590 1942 1636 cuprea,
1979 1577 2030 1623 δε
2063 1575 2221 1633 ferrea,

225 1642 398 1706 quibus
417 1641 554 1688 etiam
573 1639 832 1707 adjecerunt
848 1640 1081 1704 argillacea
1100 1661 1116 1696 3
1147 1639 1310 1688 saecula
1327 1638 1457 1688 aurea
1476 1654 1756 1688 vocaverunt
1773 1641 1848 1687 illa
1867 1655 2090 1705 tempora,
2115 1660 2223 1692 cum

227 1707 494 1757 innocentia
512 1707 811 1770 &integritas
825 1706 929 1763 fuit,
964 1709 1016 1756 ὅτ
1033 1723 1142 1755 cum
1176 1706 1374 1771 quisque
1393 1707 1569 1756 bonurn
1595 1707 1785 1755 faciebat
1808 1724 1866 1756 ex
1890 1709 2029 1765 bono,
2068 1708 2224 1773 &juse

226 1785 334 1825 tum
351 1773 543 1838 exjusto
564 1796 580 1828 ;
614 1786 830 1836 argentea
848 1786 1003 1822 autem
1019 1774 1236 1822 dixerunt
1253 1775 1329 1821 illa
1351 1787 1575 1837 tempora,
1614 1790 1722 1822 cum
1750 1791 1841 1822 non
1865 1777 2061 1840 amplius
2088 1776 2223 1824 inno-

223 1841 376 1889 centia
390 1854 501 1898 erat,
536 1840 611 1888 sed
632 1841 770 1904 usque
789 1839 957 1904 species
975 1839 1262 1904 integritatis,
1298 1856 1406 1904 quae
1430 1858 1521 1889 non
1544 1841 1776 1902 constabat
1802 1842 1848 1888 in
1873 1858 1944 1896 eo,
1983 1843 2110 1907 quod
2135 1843 2221 1890 bo-

226 1923 344 1955 nurn
368 1906 564 1955 facerent
580 1923 638 1954 ex
665 1909 809 1964 bono,
845 1907 920 1954 sed
947 1908 994 1954 in
1012 1923 1068 1956 eo
1084 1907 1215 1972 quod
1238 1923 1398 1954 verum
1424 1907 1619 1955 facerent
1637 1923 1696 1954 ex
1719 1923 1858 1962 vero3
1893 1910 2048 1957 saecula
2069 1924 2223 1958 autem

227 1989 398 2037 cuprea-
417 1975 466 2022 ὅτ.
482 1971 622 2022 ferrea
643 1973 938 2038 appellabant
960 1974 1038 2021 illa
1062 1990 1168 2038 quae
1191 1973 1341 2021 adhuc
1367 1974 1578 2022 inferiora
1602 1974 1706 2022 sunt
1726 1992 1737 2021 ι
1773 1975 1902 2038 quod
1929 1977 1988 2023 ita
2013 1977 2218 2039 appella-

228 2039 380 2088 verint
403 2051 631 2104 tempora,
666 2055 760 2087 non
776 2052 871 2088 erat
887 2056 946 2088 ex
968 2043 1332 2104 comparatione,
1369 2040 1448 2095 sed
1461 2056 1517 2088 ex
1533 2041 1926 2104 correspondentia
1947 2064 1960 2096 3
1997 2042 2222 2092 sciverunt

229 2106 358 2156 enim
381 2106 593 2181 antiqu&
615 2106 742 2172 quod
761 2119 1002 2171 argentum
1024 2107 1392 2170 corresponderet
1415 2123 1544 2165 vero,
1581 2109 1630 2155 &
1654 2107 1782 2172 quod
1807 2125 1966 2156 aurum
1993 2110 2131 2165 bon0,
2168 2112 2221 2159 δε

227 2172 321 2230 hue
336 2188 396 2223 ex
406 2174 828 2244 wumnnicatione
844 2189 952 2222 curn
969 2173 1197 2238 spiritibus
1213 2175 1264 2222 δε
1287 2174 1473 2238 angelis,
1512 2190 1617 2223 cum
1639 2177 1763 2222 enirn
1784 2175 1829 2222 in
1854 2175 1975 2223 coelo
1999 2170 2216 2239 superiori

226 2238 414 2304 loquela}
428 2239 498 2289 est
519 2239 579 2288 de
608 2240 751 2297 bono,
785 2253 975 2305 apparet
997 2240 1111 2288 infra
1132 2243 1257 2304 apud
1283 2240 1384 2288 illos
1424 2241 1507 2305 qui
1548 2241 1596 2288 in
1620 2241 1774 2305 primo
1798 2238 2065 2290 seu‘ultimo
2091 2244 2217 2291 coelo

228 2303 314 2355 sub
345 2304 438 2358 illis
467 2305 589 2365 sunt,
622 2323 809 2355 aureum
831 2330 846 2362 3
871 2307 921 2354 δε
956 2323 1062 2357 cum
1088 2306 1270 2371 loquela
1292 2307 1358 2354 est
1380 2306 1438 2356 de
1462 2324 1589 2364 vero,
1627 2322 1818 2372 apparet
1842 2309 1905 2355 ibi
1929 2322 2219 2371 argenteum,

228 2372 510 2437 quandoque
545 2374 626 2431 ita,
662 2387 716 2422 ut
739 2389 831 2422 non
856 2375 999 2423 modo
1038 2376 1230 2438 parietes
1269 2373 1571 2431 conclavium,
1607 2376 1689 2422 ubi
1729 2375 1951 2431 habitant,
1987 2376 2217 2425 coruscent

228 2454 340 2488 auro
358 2440 408 2488 ὅτ
422 2453 634 2501 argento,
670 2440 745 2488 sed
763 2441 899 2488 etiam
915 2440 1010 2504 ipsa
1028 2441 1331 2506 atmosphaera
1353 2442 1417 2489 ibi
1440 2463 1454 2497 ;
1489 2442 1540 2490 ὅτ
1564 2457 1754 2505 quoque
1776 2442 1900 2504 apud
1922 2443 2107 2503 angelos
2126 2443 2218 2505 pri-

225 2506 297 2555 mi
324 2505 396 2553 seu
416 2505 575 2554 ultimi
599 2507 724 2564 coeli,
760 2508 842 2572 qui
868 2508 914 2556 in
932 2509 1058 2558 bono
1076 2506 1176 2555 sunt
1198 2524 1257 2555 ex
1280 2509 1427 2563 bono,
1447 2521 1667 2571 apparent
1692 2509 1858 2555 mensae
1875 2523 1932 2555 ex
1950 2525 2077 2565 auro,
2113 2525 2217 2556 can-

194 2626 205 2639 ,·
227 2572 408 2620 delabra
430 2587 488 2620 ex
509 2588 636 2630 auro,
673 2574 723 2621 &
742 2577 876 2638 plura
891 2573 1008 2628 alia;
1043 2574 1163 2637 apud
1188 2573 1288 2620 illos
1301 2588 1454 2625 autem
1478 2575 1558 2637 qui
1584 2574 1630 2620 in
1653 2589 1764 2620 vero
1787 2575 1888 2621 sunt
1904 2591 1959 2622 ex
1975 2591 2100 2629 vero,
2137 2592 2216 2638 ap·
2268 2587 2272 2591 ·

223 2646 389 2702 parent
410 2637 515 2686 talia
538 2654 597 2686 ex
619 2652 807 2703 argento
827 2658 838 2687 z
875 2640 949 2689 sed
970 2646 1072 2705 quis
1093 2640 1229 2687 hodie
1253 2640 1403 2696 novit,
1440 2640 1565 2705 quod
1586 2639 1744 2688 saecula
1762 2642 1817 2688 ab
1839 2642 2034 2705 antiquis
2053 2657 2214 2693 vocata

230 2705 402 2756 fuerint
426 2720 560 2754 aurea
577 2706 628 2753 δῑ
652 2718 861 2769 argentea
894 2723 952 2755 ex
986 2707 1404 2770 correspondentia,
1439 2707 1536 2753 imo
1557 2707 1656 2770 quis
1682 2707 1819 2753 hodie
1837 2707 2009 2771 aliquid
2033 2710 2088 2754 (le
2113 2726 2213 2754 cor-

230 2771 551 2836 respondentia
568 2771 698 2819 novit
719 2793 734 2826 ·‚
770 2773 820 2820 δε
837 2773 918 2836 qui
936 2774 1024 2822 hoc
1046 2790 1138 2821 non
1163 2775 1312 2830 novit,
1349 2774 1398 2821 &
1425 2773 1569 2836 magis
1594 2772 1676 2837 qui
1700 2773 1871 2836 volupe
1895 2776 1944 2821 ὃς
1970 2775 2137 2837 sapiens
2165 2776 2212 2823 in

229 2854 289 2887 eo
310 2838 460 2903 ponit,
498 2850 550 2886 ut
574 2837 774 2901 disputet
792 2855 903 2886 num
926 2840 981 2894 fit
1003 2840 1076 2886 vel
1100 2855 1193 2888 non
1218 2840 1288 2895 fit,
1327 2841 1362 2887 is
1383 2839 1653 2902 nequidem
1671 2840 1818 2904 potest
1835 2841 2084 2889 minimum
2103 2842 2212 2889 scire

232 2905 293 2954 de
317 2905 724 2953 innumerabilibus
742 2921 850 2967 quae
866 2905 1275 2968 correspondentiae
1292 2905 1393 2955 fint.
1764 2933 1766 2938 ·
1861 2914 1863 2917 ”

226 2975 270 3027 'fe‘-
298 2973 437 3037 5659.
479 2971 543 3019 Et
566 2970 826 3018 reducimus
851 2970 960 3018 illud
996 2972 1041 3018 in
1069 2987 1206 3018 manu
1248 2971 1412 3027 nostra,
1448 2972 1575 3035 quod
1615 2972 1839 3036 significet
1871 2973 1994 3035 quod
2020 2973 2211 3021 submit-

227 3047 376 3085 tantur
391 3053 500 3101 quae
517 3038 654 3099 gratis
671 3038 854 3094 donata,
879 3051 1105 3102 quantum
1126 3037 1347 3100 poffibile,
1369 3039 1541 3085 constat
1561 3055 1615 3085 ex
1637 3039 1963 3101 significatione
1982 3041 2208 3098 reducere,

228 3102 358 3165 quod
381 3102 455 3151 hic
479 3103 532 3150 fit
556 3104 815 3153 submittere
836 3124 853 3159 3
886 3107 935 3152 &
960 3121 1017 3151 ex
1040 3103 1368 3167 significatione
1391 3106 1437 3151 in
1463 3121 1604 3152 manu
1631 3106 1801 3162 nostra,
1838 3106 1962 3167 quod
1989 3107 2040 3153 s1t
2066 3123 2210 3167 quan-

223 3179 338 3225 ,tum
360 3170 580 3230 poffibile,
615 3171 675 3219 de
698 3170 864 3235 quibus
883 3170 1013 3236 supra
1032 3187 1061 3217 n
1083 3188 1094 3217 ε
1121 3171 1252 3233 5624
1272 3191 1286 3225 ;
1322 3171 1448 3234 quod
1466 3172 1605 3233 gratis
1624 3172 1804 3230 donata,
1830 3173 2108 3238 significatur
2126 3191 2210 3239 per

234 3245 482 3301 argentum
507 3236 554 3284 in
577 3253 655 3291 ore
678 3237 908 3296 manticae,
942 3237 1070 3306 quod
1094 3237 1376 3295 reducerent,
1413 3254 1442 3286 n
1463 3256 1473 3286 :
1500 3239 1561 3300 56
1568 3241 1645 3301 58.

1229 3305 1280 3354 A
1307 3319 1332 3352 a
2060 3305 2208 3375 5650.
