2670 3698
341 203 1641 304 CAPUTJQUADRAGESIMUM
1671 205 2132 278 PRIMUM.
2203 225 2289 280 61

278 335 390 400 culi,
429 350 603 404 tapetes
622 347 754 382 erunt
777 349 865 398 pro
885 332 1003 380 atrio
1025 348 1075 380 ex
1097 333 1235 394 &lino
1257 335 1486 387 intertexto
1499 331 1529 355 '’
1568 333 1734 382 Exod:
1759 348 1931 382 xxv11:
1959 352 2004 398 9.
2036 341 2110 386 18.
2164 339 2287 400 Cap:

278 403 506 458 xxx'nn:
531 420 579 468 9.
630 403 977 463 Velumportae
992 401 1109 455 atrii,
1146 416 1264 462 opus
1287 400 1583 462 acupictoriS,
1626 402 1998 466 hyacinthinum,
2042 406 2092 451 &
2116 421 2289 468 purpu-

275 491 342 533 ra,
363 469 428 522 δε
463 469 735 520 coccineum
768 466 1045 531 dibaphum,
1091 467 1346 528 &xylinum
1369 469 1644 529 intertextum
1656 466 1689 486 '’
1728 468 1899 516 Exod:
1933 485 2164 518 xxxviii:
2198 476 2287 525 18;

275 540 488 604 xylinum
518 537 584 585 est
612 536 860 599 byffinum,
896 535 1024 600 quod
1059 534 1162 582 ideo
1195 534 1487 590 mandatum,
1523 533 1634 597 quia
1663 535 1838 598 singula
1868 550 1976 599 quae
2009 537 2053 584 in
2084 554 2201 595 arca,
2239 539 2289 585 δε

273 609 451 656 circum
481 619 652 660 arcam,
682 614 792 650 tum
814 601 992 664 singula
1012 616 1125 666 quae
1140 599 1282 664 super
1304 601 1502 648 vestibus
1527 602 1777 658 AharoniS‚
1811 602 2179 666 repraesentativa
2203 604 2294 669 spi-

275 674 505 724 ritualium
529 673 582 720 &
604 670 860 718 coelestium
883 679 1012 716 crant
1031 689 1048 722 ς
1083 667 1190 715 inde
1211 668 1413 716 constare
1444 667 1610 731 potest,
1645 685 1787 733 quarn
1822 685 1985 733 parum
2019 670 2295 734 intelligitur

214 790 216 792 ,
238 751 242 753 ’
270 740 499 794 Verbum,
534 737 616 785 nifi
641 736 801 784 sciatur
822 735 937 800 quid
962 734 1069 782 talia
1083 734 1424 798 repraesentant,
1460 735 1654 798 &quod
1677 736 1758 783 vix
1780 736 1976 800 aliquid,
2012 737 2046 784 si
2063 739 2290 796 credatur,

272 807 400 872 quod
447 805 657 854 sanctum
690 818 783 850 non
816 802 940 849 aliud
974 802 1023 850 in
1054 801 1217 849 Verbo
1239 801 1311 859 fit,
1347 817 1488 865 quam
1512 801 1642 865 quod
1674 803 1815 851 exstat
1847 802 1896 850 in
1928 804 2070 851 litera.
2143 806 2293 871 Qod

271 873 470 939 Angeli,
504 871 594 937 qui:
610 872 658 918 in
682 885 792 917 vero
821 883 880 915 ex
903 868 1084 916 Divino
1107 867 1227 921 sunt,
1260 882 1508 932 appareant
1539 868 1688 916 induti
1711 869 1834 934 quasi
1859 870 2054 932 byssino,
2093 870 2180 918 hoc
2206 873 2293 930 cst,

271 943 320 989 in
344 939 543 993 candido
563 937 844 1003 splendente,
880 949 1007 1000 patet
1030 933 1153 998 apud
1177 935 1441 996 johannem
1475 935 1556 983 ubi
1587 935 1741 997 agitur
1766 937 1824 985 de
1847 936 1991 1001 Equo
2014 939 2120 987 albo
2156 947 2190 967 ‘⁶
2215 941 2293 987 Se-

271 1009 388 1058 dens
414 1006 551 1070 super
574 1019 676 1074 equo
696 1003 810 1059 albo,
846 1002 1033 1050 indutus
1059 1015 1159 1050 erat
1175 1001 1454 1051 vestimento
1476 1002 1625 1051 ῐῐηᾶο
1658 1002 1888 1064 sanguine,
1924 1005 1975 1052 ὃς
1998 1019 2184 1052 vocatur
2209 1023 2294 1053 no-

273 1087 382 1123 men
400 1072 497 1136 ejus
520 1071 757 1118 Verbumt
794 1069 1019 1118 exercitus
1041 1067 1135 1132 ejus
1154 1070 1206 1116 in
1225 1069 1671 1134 coelosequebantur
1696 1070 1853 1133 Ipsum
1867 1069 2002 1133 super
2022 1074 2132 1135 equis
2162 1075 2294 1130 albis,

272 1140 417 1194 induti
439 1137 805 1204 byffinumalbum
835 1134 891 1185 &³
914 1134 1170 1184 mundum.'’
1202 1135 1373 1200 Apoc:
1397 1151 1516 1184 xix:
1546 1153 1624 1199 13.
1651 1154 1710 1195 14
1731 1158 1746 1190 3
1780 1152 1837 1183 ex
1860 1138 1929 1184 his
1954 1137 2189 1186 manifeste
2213 1158 2297 1205 pa-

272 1221 356 1264 tet,
391 1208 522 1272 quod
547 1206 771 1268 byffinum
789 1203 845 1250 fit
869 1202 1223 1266 significativum
1245 1216 1487 1251 externum
1504 1204 1598 1251 veri
1622 1219 1648 1249 a
1673 1203 1876 1261 Divino,
1912 1220 2021 1253 nam
2045 1199 2203 1253 sedens
2222 1207 2294 1254 su-

271 1291 352 1340 per
375 1289 500 1336 equo
521 1271 628 1320 albo
658 1271 725 1318 est
761 1270 996 1318 Dominus
1018 1269 1174 1334 quoad
1196 1269 1422 1326 Verbum,
1457 1269 1585 1333 quod
1607 1269 1664 1317 fit
1686 1271 1897 1318 Verbum
1921 1285 2070 1335 aperte
2094 1273 2157 1320 ibi
2183 1274 2297 1321 dici-

272 1354 365 1398 tur,
402 1339 614 1386 Verbum
639 1336 705 1385 est
726 1336 878 1402 ipsum
907 1336 1080 1384 Verum
1111 1351 1139 1382 a
1163 1335 1345 1383 Divino
1363 1356 1383 1391 ς
1417 1351 1565 1400 equus
1596 1336 1724 1384 albus
1752 1338 1879 1401 quod
1903 1337 1957 1385 fit
1980 1338 2125 1387 sensus
2156 1342 2298 1388 inter⁴

273 1423 362 1456 nus
383 1406 545 1461 Verbi,
580 1404 789 1460 videatur
811 1419 872 1450 n:
900 1404 1045 1468 2760.
1071 1401 1220 1457 2761.
1246 1402 1398 1465 2762,
1415 1402 1543 1449 inde
1565 1405 1675 1466 equi
1697 1403 1790 1451 albi
1814 1403 1919 1452 sunt
1943 1421 2051 1452 vera
2072 1422 2130 1454 ex
2154 1408 2294 1455 Divi-

272 1490 352 1530 no,
390 1488 497 1521 nam
521 1470 680 1519 omnia
704 1468 851 1516 sensus
874 1468 1038 1517 interni
1061 1468 1206 1516 Verbi
1227 1468 1330 1516 sunt
1352 1485 1458 1533 vera
1474 1484 1533 1516 ex
1548 1468 1748 1528 Divin0,
1783 1485 2066 1536 quapropter
2082 1474 2164 1522 visi
2190 1474 2295 1524 sunt

272 1539 494 1589 exereitus
513 1538 643 1586 lllius
666 1537 798 1599 luper
817 1537 949 1603 cquis
970 1535 1102 1592 albis,
1137 1536 1190 1584 ὅτ
1211 1535 1365 1584 induti
1389 1537 1621 1599 byffinum
1645 1537 1804 1586 album
1822 1539 1874 1586 δε
1896 1539 2137 1587 mundum.

342 1621 491 1670 53²0·
527 1604 592 1652 Et
623 1603 775 1667 posuit
807 1615 1024 1668 torquem
1046 1602 1143 1650 auri
1166 1602 1298 1666 super
1318 1602 1495 1651 collum
1519 1601 1629 1668 ejuS,
1665 1604 1794 1668 quod
1819 1605 2045 1667 significet
2067 1606 2293 1669 fignifica-
2350 1658 2353 1661 Α

272 1675 427 1723 tivum
458 1669 797 1736 conjunctionis
821 1670 1092 1717 interiorum
1115 1685 1224 1717 cum
1246 1670 1567 1726 exterioribus»,
1601 1670 1825 1719 efficiente
1859 1673 2000 1728 bono,
2035 1674 2212 1722 constat
2234 1693 2295 1724 ex

270 1739 603 1804 significatione
623 1737 747 1793 colli,
782 1738 912 1801 quod
936 1737 993 1784 fit
1016 1736 1216 1785 influxus
1237 1751 1340 1786 tum
1362 1737 1722 1788 communicatio
1746 1739 2031 1803 superiorum
2045 1757 2160 1789 curn
2180 1741 2294 1790 infe-

270 1801 483 1864 rioribu§‚
520 1805 593 1854 seu
611 1807 740 1870 quod
767 1804 910 1861 idern,
950 1804 1221 1852 interiorum
1242 1819 1349 1861 cum
1374 1805 1687 1860 exterioribuS,
1722 1805 1780 1853 de
1803 1822 1897 1870 qua
1914 1823 1971 1853 n:
1998 1824 2146 1870 3542,
2181 1808 2306 1856 inde.

270 1875 337 1922 est
356 1888 557 1938 torqueS,
572 1905 575 1907 -
591 1873 702 1937 quia
719 1872 868 1933 cingit
886 1870 1080 1925 collum,
1106 1870 1460 1933 fignificativum
1484 1870 1821 1935 conjunctionis
1845 1873 2030 1921 illorum
2053 1896 2067 1929 ;
2103 1887 2293 1940 torques

270 1941 369 1988 auri
392 1940 615 2004 fignificat
645 1937 1017 2002 conjunctionem
1041 1954 1119 2002 per
1142 1940 1333 1994 bonum,
1370 1939 1442 1986 seu
1464 1938 1689 1987 efficiente
1724 1940 1868 1998 bono,
1904 1941 2014 2005 quia
2035 1958 2199 1989 aurum
2225 1944 2294 1991 est

272 2009 451 2057 bonum
477 2023 535 2054 n:
568 2022 674 2069 113‘·
707 2021 847 2067 1551.
879 2020 1035 2068 1552:
1071 2004 1255 2070 signum
1287 2004 1624 2070 conjuncitionis
1658 2007 1755 2054 veri
1791 2008 2019 2056 interioris
2049 2025 2155 2055 cum
2181 2026 2293 2058 vero

270 2074 483 2124 exteriori
517 2073 797 2135 significatur
821 2088 901 2134 per
938 2069 1153 2137 torquem
1187 2073 1319 2136 super
1352 2071 1527 2135 guttur,
1564 2073 1689 2136 apud
1713 2073 2010 2122 Ezechielem
2049 2083 2084 2105 “
2109 2076 2288 2125 Ornavi

269 2154 320 2190 te
347 2153 525 2198 ornatu,
559 2141 610 2200 &g
633 2139 742 2187 dedi
765 2137 970 2187 armillas.
998 2139 1132 2203 super
1161 2155 1324 2188 manus
1348 2153 1461 2197 tuas,
1497 2141 1549 2188 δε
1582 2139 1768 2205 torquem
1779 2141 1913 2205 ficper
1927 2152 2090 2206 guttur
2111 2153 2234 2191 tuum
2251 2143 2288 2168 '³

269 2222 380 2259 xvi:
418 2227 438 2258 1
454 2227 494 2258 1.
725 2222 737 2225 “

300 2314 313 2327 Γ
336 2292 364 2337 5
373 2292 432 2340 32
445 2293 484 2324 r.
522 2273 588 2321 Et
611 2272 718 2320 vehi
738 2271 848 2320 fecit
864 2288 972 2320 eum
997 2273 1042 2321 in
1065 2289 1199 2323 curru
1217 2273 1497 2331 secundario,
1531 2273 1661 2340 quod
1682 2273 1906 2338 significet
1929 2275 2295 2339 significativum.

300 2351 307 2357 '
430 2343 489 2389 ab
529 2340 610 2394 illo
649 2341 804 2398 omnis
841 2340 1051 2388 doctrina
1073 2341 1259 2389 boni&
1291 2343 1410 2400 veri,
1446 2340 1623 2391 constat
1648 2358 1710 2403 ex
1742 2341 2070 2412 significatione
2114 2361 2291 2402 σαι-ηις,

267 2408 469 2474 quod'fit
484 2407 692 2456 dostrina
710 2407 819 2454 boni
842 2408 893 2456 δε
911 2410 1023 2462 veri,
1058 2409 1116 2456 de
1138 2426 1229 2474 qua
1247 2409 1463 2472 sequ‘itur,
1501 2409 1617 2456 inde¹
1633 2409 1742 2456 vehi
1765 2408 1910 2456 facere
1935 2426 2042 2457 eum
2068 2414 2113 2459 in
2132 2428 2288 2468 curru,

270 2475 338 2523 est
360 2475 722 2536 significativum⁴
735 2473 864 2541 quod
887 2474 946 2521 ab
963 2475 1045 2522 illo
1067 2473 1276 2523 doctrina
1298 2477 1378 2524 illa
1400 2494 1413 2524 ε
1450 2476 1550 2524 haec
1568 2479 1610 2523 fe
1629 2475 1829 2523 referunt
1852 2477 1906 2523 ad
1933 2477 2007 2523 illa
2030 2494 2139 2541 quae
2160 2481 2290 2539 prius

269 2552 301 2590 a·
325 2542 555 2590 Pharaone
583 2541 704 2588 dieta
727 2541 830 2589 sunt
866 2548 903 2571 ‘⁴
930 2542 1012 2589 Tu
1035 2541 1121 2588 eris
1147 2543 1281 2605 luper
1302 2544 1450 2593 domo
1474 2559 1590 2599 mea,
1628 2544 1677 2590 ὅτ
1704 2542 1833 2603 super
1862 2560 1938 2590 ore
1966 2558 2043 2590 tuo
2066 2545 2286 2592 osculabi-

270 2622 347 2657 tur
371 2611 522 2656 omnis
539 2608 736 2674 populus
752 2623 901 2665 meus,
923 2620 1105 2655 tantum
1125 2607 1236 2656 solio
1255 2624 1452 2673 magnus
1470 2625 1547 2656 ero
1568 2625 1664 2672 prae
1687 2623 1731 2665 te
1745 2607 1781 2627 ”
1815 2609 1936 2656 vers
1947 2627 1958 2656 ε
1980 2627 2057 2670 40.
2133 2613 2286 2679 Quid

268 2678 328 2723 ab
352 2675 455 2740 Ipso
477 2671 685 2722 doctrina
709 2675 816 2721 boni
832 2676 883 2723 ὅσ
900 2676 995 2721 veri
1019 2675 1314 2741 significetur,
1338 2675 1402 2722 est
1425 2677 1537 2740 quia
1557 2692 1639 2738 per
1661 2674 1914 2739 J-osephum
1940 2678 2284 2741 repraesentatur.

268 2743 502 2791 Dominus
523 2741 676 2804 quoad
703 2741 933 2804 Divinum
958 2741 1207 2803 spirituale,
1245 2759 1301 2791 n:
1323 2742 1469 2806 3971ss
1487 2742 1638 2805 4669,
1674 2745 1734 2790 ita
1757 2743 1911 2807 quoad
1934 2745 2164 2792 D2vinum
2186 2748 2279 2792 Ve-

267 2826 375 2858 rum
390 2812 464 2856 'ex
489 2807 669 2856 Divino
704 2806 933 2855 Humano
968 2806 1185 2866 Domini,
1226 2826 1286 2855 n:
1312 2825 1460 2874 4723·
1486 2826 1637 2869 4727,
1673 2826 1695 2855 a
1720 2826 1814 2873 quo
1852 2811 2031 2857 Divino
2070 2813 2192 2858 Vero
2215 2812 2284 2860 est·

267 2876 463 2924 Coeleste
488 2873 726 2938 spiritualis
734 2891 757 2930 ς
792 2874 922 2938 quod
944 2890 1084 2923 omne
1116 2876 1341 2924 doctrinae
1380 2876 1486 2923 boni
1512 2878 1563 2923 ὅτ
1597 2878 1695 2923 veii
1729 2875 1783 2922 fit
1806 2878 1927 2932 inde,
1965 2878 2027 2923 est
2051 2878 2156 2942 quia
2182 2881 2280 2927 Do

266 2944 418 2992 minus
441 2941 503 2988 est
527 2940 621 3005 ipsa
643 2940 869 2997 dostrina,
903 2956 1010 2988 nam
1034 2958 1175 2990 omne
1198 2943 1424 3000 dostrinae
1457 2942 1513 2989 ab
1537 2942 1643 3005 Ipso
1677 2943 1896 3007 procedit,
1935 2944 1984 2990 &
2009 2961 2147 2991 omne
2172 2948 2283 2994 doc-

267 3010 402 3059 trinae
418 3009 475 3055 de
494 3008 600 3071 Ipso
622 3009 753 3071 agit3
787 3023 927 3066 omne
947 3006 1072 3055 enim
1096 3008 1322 3056 doctrinae
1343 3010 1442 3070 agit
1462 3010 1522 3055 de
1546 3009 1669 3057 bono
1691 3011 1857 3057 amoris
1879 3011 1928 3057 δε
1954 3026 2064 3057 vero
2088 3012 2214 3068 fidei,
2251 3031 2280 3061 a

268 3075 488 3128 Domino
505 3075 606 3125 sunt
623 3074 716 3131 illa,
750 3069 889 3140 quare
913 3074 1145 3122 Dominus
1170 3089 1260 3122 non
1287 3075 1432 3122 sol-um
1451 3074 1515 3123 est
1538 3075 1583 3122 in
1610 3076 1717 3133 inis,
1753 3074 1824 3122 sed
1845 3076 1984 3125 etiam
2009 3077 2072 3124 est
2096 3093 2276 3127 utrum-

269 3158 360 3204 que
380 3163 397 3196 ·,
432 3141 538 3190 inde
576 3141 768 3198 constat,
803 3141 932 3205 quod
972 3141 1181 3190 doctrina
1203 3158 1314 3206 quae
1346 3143 1445 3204 agit
1475 3142 1532 3188 de
1570 3143 1693 3191 bono
1716 3144 1766 3190 δε
1791 3159 1917 3200 vero,
1953 3158 2060 3208 agat
2095 3145 2152 3191 de
2178 3147 2278 3194 solo

270 3207 494 3274 Domine,
526 3210 579 3262 ὅτ
601 3208 724 3275 quod
741 3207 956 3276 procedat
970 3223 1029 3259 ex
1046 3209 1223 3266 Divino
1239 3209 1467 3259 Humano
1489 3209 1636 3275 Ipsius
1652 3232 1668 3267 3
1702 3226 1761 3257 ex
1781 3207 1890 3275 Ipso
1907 3211 2085 3260 Divino
2102 3229 2273 3276 nequa-

2132 3292 2276 3342 quam
