2566 3640
277 258 588 338 CAPUT
619 210 1474 346 QuADRAGEfflMUM
1501 255 2037 333 sEmMUM.
2099 218 2244 358 353,

245 397 441 466 'usq'uam
462 387 630 444 dantur
650 391 846 447 homini,
882 388 1059 454 spiritui
1083 389 1135 439 δε
1156 389 1355 454 angelo,·
1376 403 1582 450 manent,
1619 392 1670 440 ὅτ
1687 392 1886 441 nihil-de
1904 391 2230 458 illiessaafertun

243 466 324 516 fed
347 465 394 513 in
419 461 534 510 statu
555 458 841 507 desolationis
863 456 1158 506 obscurantur
1179 473 1204 504 a
1227 456 1433 521 proprio,
1470 458 1531 504 ita
1553 469 1605 506 ut
1627 475 1720 507 non
1743 471 1987 523 appareant
2007 477 2018 507 :
2054 475 2097 510 at
2119 477 2227 510 cum

242 533 380 583 status
412 527 523 576 lucis
554 525 686 583 redit,
724 524 938 573 fistuntur
972 524 1213 587 praesentia
1237 524 1286 571 &
1309 523 1587 590 conspicua;
1622 525 1728 574 inde
1758 537 1887 592 patet
1908 526 2020 592 quid
2042 543 2124 593 per
2147 544 2226 576 ve-

236 612 343 648 rum
366 610 459 644 non
478 593 775 656 conspicuum
810 591 1097 653 intelligitur.
1935 608 1954 623 ο

262 663 399 711 *³612
409 678 452 724 3.
490 660 558 709 Et
585 659 740 706 veni-re
776 658 982 707 fecerunt
1004 672 1169 722 pecora
1193 659 1269 706 sua
1291 657 1349 705 ad
1380 657 1659 723 Josephum,
1694 660 1822 724 quod
1855 659 2080 723 significet
2103 662 2222 712 bona

236 730 334 779 veri
356 727 497 794 quod·
510 726 772 783 offerentur,
809 725 981 773 constat
1003 740 1061 771 ex
1084 724 1412 786 significatione
1435 725 1590 772 venire
1612 724 1773 787 facere,
1807 727 1935 790 quod
1960 728 2014 775 sit
2037 727 2188 777 offerri
2206 752 2223 786 ;

234 798 290 847 ὅτ.
312 811 371 844 ex
392 793 721 857 significatione
744 807 981 856 pecorum,
1016 791 1142 855 quod
1164 791 1248 839 sint
1270 791 1390 838 bona
1412 793 1526 848 veri,
1564 791 1623 838 de
1650 808 1741 856 qua
1765 793 1993 845 11:6016.
2009 795 2170 856 6045.

303 863 450 922 6124.
488 860 552 908 Et
574 859 702 906 dedit
721 858 812 905 illis
836 859 867 919 J
872 857 1013 921 oseph
1037 871 1224 919 panem,
1269 856 1397 920 quod
1421 857 1647 918 fignificet
1676 857 2045 917 sustentationem
2069 863 2220 925 quoad

233 929 378 978 vitam
403 925 702 991 spiritualem,
738 924 910 971 constat
933 939 992 970 ex
1014 922 1343 986 significatione
1364 922 1472 970 dare
1506 938 1690 987 panem,
1727 925 1862 989 “quod
1888 925 1943 973 fit
1965 925 2222 976 sustentatio

232 997 348 1046 vitae
381 991 637 1058 spiritual-iS,
669 991 730 1037 de
751 1005 839 1054 qua
863 988 997 1052 supra
1020 1006 1048 1036 n
1068 1006 1081 1035 ε
1103 989 1139 1036 6
1152 1006 1166 1035 r
1181 992 1256 1038 18.
2178 1022 2181 1024 -

300 1064 391 1110 612
402 1076 447 1120 5.
486 1058 579 1104 Pro
613 1058 758 1120 equis,
794 1056 923 1120 quod
957 1056 1179 1116 significet
1217 1054 1460 1103 scienti-fica
1495 1070 1558 1104 ex
1594 1056 1908 1113 intellectuali,
1956 1057 2128 1106 constat
2163 1075 2220 1107 ex

230 1121 559 1190 significatione
577 1135 820 1186 equorum,
856 1122 980 1186 quod
1000 1123 1085 1169 fint
1102 1121 1441 1179 intellectualia,
1477 1122 1535 1169 de
1549 1138 1640 1186 qua
1657 1139 1710 1170 n:
1739 1124 1884 1187 2760.
1907 1125 2051 1186 2761.
2072 1127 2230 1190 2762.·
2289 1133 2291 1137 '

228 1210 320 1257 321
337 1207 382 1255 7.
411 1205 534 1254 5321
561 1210 575 1244 3
610 1191 660 1236 ὅτ
684 1188 790 1253 quia
830 1188 1138 1251 praedicantur
1159 1188 1216 1235 de
1240 1189 1475 1251 AEgyptO,
1509 1204 1592 1254 per
1625 1205 1764 1252 quam
1801 1189 2115 1250 significantur
2139 1192 2222 1240 sci-

229 1260 428 1314 entifica,
465 1256 566 1304 sunt
602 1255 676 1302 hic
697 1254 800 1317 equi
829 1254 1068 1302 scientifica
1105 1264 1163 1301 ex
1195 1255 1507 1302 intelleetuali..
1580 1255 1710 1318 Qid
1735 1255 1974 1310 scientifica
1998 1273 2055 1304 ex
2091 1258 2249 1306 intel-⁴r
2281 1300 2283 1302 .

229 1325 424 1383 lectuaii,
460 1321 711 1370 dicendum
734 1342 748 1375 3
783 1321 856 1368 ‘est‘
870 1320 1051 1368 homini
1075 1320 1398 1378 Intellectuale,
1433 1322 1484 1369 ὅτ
1508 1320 1572 1367 est
1595 1321 2010 1379 illi‘voluntarium,
2046 1324 2094 1370 δε
2111 1324 2216 1375 haec

226 1408 319 1439 non
346 1391 492 1438 solum
517 1389 562 1436 in
587 1387 773 1435 Interno
790 1386 888 1452 ejus
912 1387 1115 1443 homine,
1153 1387 1226 1434 sed
1250 1387 1388 1434 etiarn
1414 1387 1460 1434 in
1485 1387 1692 1434 Externo
1717 1407 1733 1441 3
1768 1387 2070 1436 Intellectuale
2092 1391 2216 1452 apud

226 1458 468 1505 hominem
494 1466 690 1518 augetur
715 1455 765 1501 δε
788 1454 943 1502 crescit
976 1454 1034 1500 ab
1064 1452 1254 1500 infantia
1276 1454 1332 1500 ad
1357 1454 1536 1500 virilem
1574 1452 1667 1515 ejus
1701 1466 1901 1510 aetatem,
1938 1456 1988 1501 ὅτ
2011 1457 2213 1504 consistit

222 1523 272 1571 in
307 1523 549 1571 intuitione
573 1536 723 1567 rerum
748 1536 806 1567 ex
829 1520 992 1567 talibus
1030 1535 1140 1583 quae
1176 1519 1276 1566 sunt
1296 1519 1590 1583 experientiae
1615 1520 1665 1566 ὅτ
1689 1519 1900 1576 scientiae,
1937 1533 2037 1568 tum
2062 1538 2119 1569 ex
2144 1523 2213 1570 in-

225 1590 424 1638 tuitione
458 1587 690 1635 causatum
728 1587 787 1633 ab
821 1586 1075 1641 effec'tibus,
1121 1596 1174 1632 ut
1197 1586 1247 1632 &
1271 1585 1660 1649 Consequentium
1696 1601 1753 1633 ex
1788 1602 1910 1633 nexu
1945 1587 2173 1636 causarum
2194 1611 2211 1643 ;

218 1658 286 1704 ita
334 1653 533 1704 confistit
574 1652 887 1701 Intellectuale
942 1652 988 1698 in
1032 1652 1437 1715 comprehensione
1469 1651 1523 1699 δὲ
1561 1652 1855 1715 perceptione
1896 1653 2054 1700 talium
2100 1671 2211 1718 quae
2239 1675 2242 1678 ⁴

219 1723 324 1772 fimt
367 1721 479 1769 vitae
511 1718 660 1768 civilis
700 1719 750 1766 &c
774 1718 956 1766 moralis
977 1735 988 1764 t
1042 1717 1193 1765 existit
1229 1735 1287 1766 ex
1327 1718 1505 1765 influxu
1539 1717 1649 1764 lucis
1689 1734 1715 1764 e
1754 1719 1893 1775 coelo,
1930 1735 2209 1784 quapropter

159 1783 162 1784 ⁷
218 1788 528 1853 unusquisque
551 1785 696 1832 homo
718 1785 871 1848 quoad
898 1783 1202 1831 Intellectuale
1223 1785 1371 1846 potest
1394 1785 1548 1847 perfici
1572 1805 1586 1838 ;
1622 1784 1927 1834 Intellectuale
1961 1789 2208 1852 unicuique

217 1855 468 1902 fecundum
490 1851 863 1915 applicationem,
919 1850 1168 1896 secundum
1193 1853 1353 1906 vitam,
1409 1852 1460 1896 &
1494 1850 1742 1902 secundum
1777 1851 2000 1909 indolem,
2051 1854 2202 1910 datur,

218 1936 304 1968 nec
326 1919 483 1968 deficit
506 1918 606 1974 ulli,
644 1917 676 1964 si
697 1917 837 1964 modo
862 1916 980 1963 sanae
1004 1915 1168 1964 mentis
1179 1916 1238 1963 >fit
1258 1937 1272 1967 ;
1307 1918 1357 1963 δε
1374 1915 1505 1962 datur
1522 1915 1700 1963 homini
1716 1916 1778 1963 ob
1801 1918 1960 1973 finem,
1998 1931 2049 1966 ut
2068 1923 2205 1982 poffit

218 1986 266 2033 in
287 1986 428 2033 libero
451 1986 499 2032 ἃ,
523 1983 742 2030 electione
759 1982 867 2040 effe,
907 1982 994 2029 hoc
1017 1982 1110 2038 est,
1152 1982 1196 2028 in
1221 1982 1364 2028 libero
1387 1983 1438 2029 δε
1460 1982 1669 2045 elegendi
1693 1983 1865 2031 bonum
1886 1998 1963 2031 aut
1987 1988 2198 2040 malum3

218 2053 303 2111 nisi
328 2048 632 2099 Intelleauale
657 2050 697 2095 ei
722 2050 790 2105 sit,
847 2049 982 2113 quale
1005 2048 1302 2110 descriptum,
1339 2049 1398 2094 ex
1424 2048 1563 2096 semet
1586 2064 1679 2095 non
1701 2050 1847 2111 potest
1873 2050 1918 2097 id
1946 2050 2101 2107 facere,
2131 2054 2204 2100 ‘ita

216 2134 301 2167 nec
324 2117 469 2181 poffet
490 2118 531 2164 ei
554 2114 725 2179 aliquid
750 2115 1045 2178 appropriari.
1117 2115 1327 2162 Ulterius
1347 2114 1599 2170 sciendum,
1634 2118 1761 2177 quod
1787 2116 2093 2165 Intellectuale
2118 2120 2200 2165 hc·-

217 2184 356 2233 minis
371 2183 423 2231 fit
440 2182 566 2249 quod
586 2181 744 2244 recipit
764 2181 1003 2244 spirituale,
1040 2181 1102 2228 ita
1119 2194 1170 2228 ut
1190 2182 1243 2229 fit
1262 2180 1483 2244 recipiens
1497 2181 1590 2228 veri
1612 2183 1661 2228 δε
1688 2182 1796 2228 boni
1823 2183 2060 2245 spiritualis
2078 2205 2091 2238 3
2129 2188 2198 2232 ni-

216 2250 284 2298 hil
307 2250 430 2298 enim
448 2248 576 2304 boni,
613 2248 700 2294 hoc
716 2247 796 2303 est,
832 2247 1076 2303 charitatis,
1112 2248 1162 2293 ὅτ
1181 2247 1296 2294 nihil
1314 2247 1427 2303 veri,
1451 2247 1540 2294 hoc
1557 2247 1636 2303 est,
1663 2248 1785 2304 fidei,
1811 2250 1956 2312 potest
1983 2251 2194 2299 insinuari

208 2317 369 2373 alicui,
386 2317 467 2378 qui
486 2330 578 2362 non
592 2313 906 2361 intellectuale
926 2314 1076 2369 habet,
1094 2312 1168 2360 sed
1186 2314 1459 2362 insinuantur
1474 2314 1722 2362 secundum
1741 2315 1835 2376 ejus
1854 2314 2158 2364 Intellectuale
2176 2341 2193 2373 ;

208 2393 494 2448 quapropter
517 2380 653 2430 etiam
680 2379 824 2427 homo
847 2395 939 2428 non
964 2393 1247 2444 regeneratur
1270 2396 1293 2426 a
1318 2380 1546 2437 Domino,
1595 2380 1855 2444 priusquam
1881 2383 1926 2429 in
1950 2383 2102 2430 adulta
2124 2400 2189 2430 ae-

208 2460 307 2498 *tate
330 2452 435 2496 cu‘m
457 2447 498 2494 ei
534 2445 863 2509 intellectuale,
911 2447 1041 2510 pri-us
1064 2447 1185 2494 cadit
1209 2448 1382 2494 bonurn
1407 2447 1573 2494 amoris
1597 2447 1647 2493 &
1675 2461 1836 2494 verum
1859 2448 1963 2494 fidei
1989 2449 2102 2496 sicut
2122 2450 2189 2496 se-

210 2531 322 2564 men
346 2515 392 2561 in
419 2514 612 2563 humum
637 2513 814 2575 prorsus
837 2513 1061 2567 sterilem;
1106 2528 1310 2575 cumque
1331 2525 1614 2575 regeneratus
1639 2512 1702 2558 est
1726 2513 1887 2567 hortm,
1923 2527 2028 2561 tunc
2052 2515 2191 2564 Intelq
2256 2542 2258 2545 ·

209 2580 402 2630 lectuale
421 2578 514 2642 ejus
533 2579 716 2642 praestat
734 2578 864 2626 illum
888 2579 1040 2635 usum,
1071 2580 1207 2641 quod„
1223 2579 1376 2624 videat
1399 2581 1448 2626 δε
1470 2579 1689 2640 percipiat
1705 2579 1816 2639 quid
1842 2579 2015 2627 bonum
2042 2583 2091 2628 δε
2115 2582 2184 2628 in-

203 2648 270 2695 de
288 2645 403 2711 quid
427 2660 603 2701 verum,
627 2644 832 2692 transfert
853 2645 976 2692 enim
993 2644 1300 2692 Intellecstuale
1326 2644 1400 2690 illa
1416 2661 1525 2708 quae
1544 2643 1641 2691 sunt
1665 2645 1774 2691 lucis
1790 2645 1897 2692 coeli
1918 2646 1962 2692 in
1985 2648 2058 2694 illa
2075 2664 2190 2711 quae

209 2714 315 2763 sunt
339 2710 522 2761 luminis
545 2721 734 2766 naturae‚
776 2712 896 2758 unde
922 2711 997 2758 illa
1018 2711 1066 2758 in
1093 2710 1161 2757 his
1183 2723 1401 2775 apparent
1421 2711 1535 2758 ficut
1557 2709 1816 2767 affectiones
1840 2710 2073 2760 interiores
2098 2715 2182 2761 ho-

174 2839 177 2841 ·
210 2779 349 2829 minis
366 2779 413 2826 in
437 2776 546 2824 facie
564 2792 655 2824 non
681 2777 912 2824 fimulata:
948 2779 998 2825 ἃ
1020 2777 1126 2840 quia
1142 2776 1452 2824 Intellectuale
1470 2777 1598 2824 illum
1625 2775 1751 2823 usum
1770 2776 1966 2838 praestat,
2004 2779 2108 2830 ideo
2133 2778 2181 2831 in'

156 2861 166 2868 ·
207 2847 368 2894 Verbo
393 2841 550 2892 multis
574 2843 618 2890 in
641 2842 751 2890 locis
773 2842 853 2890 ubi
877 2842 935 2889 de
961 2843 1180 2905 spirituali
1208 2842 1435 2900 Ecclefiae‚
1488 2844 1626 2889 etiam
1652 2842 1710 2888 de
1733 2843 2031 2892 Intellec‘tuali
2066 2846 2180 2908 ejus,

207 2914 388 2975 agitur3
422 2910 480 2957 de
497 2925 588 2974 qua
611 2924 674 2965 re,
709 2923 766 2954 ex
783 2909 954 2955 Divi-na
973 2908 1170 2957 Domini
1191 2908 1520 2964 Misericordia,
1556 2909 1677 2955 alibi.
1749 2909 1825 2955 Ex
1850 2911 1917 2957 his
1932 2927 2053 2958 nunc
2071 2929 2180 2960 con-

214 2976 324 3024 stare
347 2976 511 3040 potest,
547 2974 659 3040 quid
700 2989 782 3038 per
823 2974 1065 3023 scientifica
1102 2982 1160 3022 ex
1185 2974 1488 3023 Intellectuali
1530 2975 1814 3036 intelligitur,
1852 2977 1978 3039 qnod
2011 2994 2179 3042 nempe

214 3041 455 3091 scientifica
477 3059 587 3107 quae
610 3042 881 3089 confirmant
906 3041 980 3088 ille
1002 3056 1112 3103 quae
1149 3041 1294 3088 homo
1334 3040 1696 3088 intellectualiter
1732 3043 1855 3103 capit
1894 3045 1943 3090 &c
1969 3046 2176 3108 percipit,

212 3107 314 3155 haee
336 3108 424 3157 five
448 3109 565 3156 mala
588 3109 675 3156 sint
696 3107 787 3155 five
810 3107 926 3155 bona
946 3130 960 3163 3
997 3107 1100 3155 haee
1122 3107 1358 3156 scientifica
1382 3107 1495 3163 sunt,
1520 3123 1627 3171 quae
1650 3123 1730 3170 per
1754 3124 1894 3170 equos
1920 3125 1974 3155 ex
1995 3111 2179 3174 AEgyp-

211 3185 264 3220 to
288 3173 335 3219 in
355 3174 512 3220 Verbo
538 3174 885 3236 significantiam
923 3186 974 3222 ut
997 3173 1118 3237 apud
1147 3174 1328 3232 Esaiam
1378 3180 1413 3202 ‘⁶
1439 3174 1510 3219 Ve
1532 3174 1902 3221 descendentibus
1928 3176 1971 3222 in
1999 3177 2180 3239 AEgyp-

211 3250 316 3288 tum
339 3253 425 3303 pro
446 3239 633 3299 auxilio,
662 3242 718 3290 ὅτ
743 3271 748 3275 -
747 3241 882 3305 super
919 3243 1030 3308 equis
1052 3241 1323 3355 innituntur}
1340 3239 1681 3304 conficiuntque
1723 3239 2022 3304 supercurru,
2059 3244 2185 3305 quod

277 3332 280 3334 -
383 3325 387 3329 ’
481 3331 486 3335 ’
1344 3323 1375 3369 y
2009 3310 2184 3356 multus
