2606 3646
313 212 615 285 CAPUT
672 213 1524 310 QUADRAGESIMUM
1576 216 1811 305 QUIN
1817 220 2056 292 TUM.
2103 225 2189 292 28
2198 249 2238 306 5

267 346 406 402 bulet‚
442 347 492 394 &
515 345 696 392 videam
724 344 946 406 pudorem
972 343 1065 406 ejus
1084 344 1115 363 '⁹
1153 345 1292 406 Apoc
1314 361 1324 389 :
1349 359 1437 389 XVI
1465 361 1476 390 :
1507 362 1581 405 15,
1631 345 1898 392 vestimenta
1925 347 2124 396 similiter
2149 367 2232 411 pio

264 412 407 465 veris;
447 411 547 456 sunt
580 426 684 456 vera
719 410 826 456 fidei
857 426 913 456 ex
935 411 1105 466 Verbo,
1155 427 1260 472 quae
1292 410 1472 470 proprie
1498 411 1802 471 significantur
1828 428 1903 472 per
1927 413 2190 461 vestimenta
2213 437 2228 468 ς

261 476 340 537 qui
367 476 439 521 illa
466 475 584 531 inde,
637 488 715 522 aut
738 476 819 539 qui
846 490 944 520 vera
970 474 1041 521 seu
1064 475 1331 523 verosimilia
1359 491 1415 520 ex
1442 476 1517 520 suo
1543 475 1771 534 religiosO,
1810 492 1860 522 ut
1884 479 2093 536 gentiles,
2133 498 2225 527 non

262 540 339 587 fibi
363 540 670 603 acquisiverat,
730 542 777 587 δε
804 541 1079 605 applicuerat
1103 541 1228 596 vitae,
1279 541 1312 586 is
1337 551 1567 603 utcunque
1591 553 1719 603 putat
1741 540 1780 586 se
1806 541 1849 587 in
1875 544 1996 589 bono
2017 545 2119 600 effe,
2139 548 2227 592 us·

257 622 346 668 que
380 621 468 650 nun
503 606 595 659 est·,
633 623 736 653 narn
763 622 871 670 quia
895 606 1013 652 nulla
1037 608 1078 652 ei
1106 621 1205 651 vera
1228 622 1284 652 ex
1308 606 1461 651 Verbo
1484 621 1558 651 aut
1583 606 1794 666 religioso
1816 607 1930 661 sunt,
1991 609 2032 654 se
2057 611 2225 671 patitur

256 672 359 717 duci
377 686 457 732 per
475 673 699 718 ratiocinia
717 687 848 734 aeque
866 687 888 716 a
914 672 1136 732 spiritibus
1161 671 1289 717 malis
1307 684 1444 732 quam
1472 668 1617 727 bonis,
1654 687 1704 716 ac
1730 671 1787 716 ita
1812 671 1993 718 defendi
2022 690 2110 720 non
2138 693 2223 738 po-

257 735 340 783 test
358 739 412 782 ab
433 737 627 796 Angelis
645 758 659 790 ·,
699 737 786 784 hoc
803 736 1069 796 intelligitur
1084 752 1160 797 per
1175 736 1299 797 quot?-
1322 735 1620 795 vigilandum,
1656 737 1704 781 δε
1725 737 1934 783 servanda
1955 738 2225 791 vestimenta

257 801 344 855 sua,
384 813 436 847 ut
461 817 548 847 non
570 803 714 848 nudus
739 801 938 848 ambulet
960 802 1009 846 &
1034 800 1214 846 videant
1232 798 1458 861 pudorem
1477 798 1584 860 ejus.
1661 802 1802 863 Apud
1821 802 2073 850 Sachariam
2099 808 2222 867 “Je-

252 864 446 915 hoi'chua
467 867 555 914 fuit
578 871 620 915 in
644 866 827 926 Vestibus
842 865 1030 926 pollutis,
1065 865 1124 911 fic
1147 864 1285 911 stabat
1307 880 1455 909 coram
1484 865 1684 926 Angeia
1725 866 1813 927 qui,
1829 867 1946 914 dixit
1970 868 2025 913 ad
2050 869 2219 916 stantes

255 950 408 981 coram
434 933 529 989 illo,
583 942 790 980 removete
810 931 938 990 vestes
953 929 1140 990 pollutas
1162 946 1189 975 a
1215 945 1355 976 coram
1379 930 1481 977 illo:
1530 932 1584 975 ad
1610 930 1739 975 illum
1766 945 1917 977 autem
1940 933 2074 988 dixit,
2112 937 2219 982 vide

255 1000 436 1048 transire
468 999 550 1047 feci
584 1015 608 1045 a
643 1011 684 1045 te
719 996 1009 1061 iniquitatem
1034 1008 1179 1051 tuam,
1216 993 1486 1042 &induendo
1507 1005 1548 1041 te
1568 995 1746 1053 vestibus
1771 997 2059 1045 rnufatoriis''
2114 1015 2175 1046 111
2206 1018 2217 1046 ε

257 1082 301 1130 3.
323 1081 370 1122 4,
407 1065 548 1112 vestes
571 1064 760 1128 pollutae
779 1078 861 1125 pro
881 1061 999 1108 veris
1015 1060 1318 1123 conspurcatis
1340 1076 1364 1106 a
1387 1059 1500 1106 falfis
1523 1076 1628 1122 quae
1651 1077 1674 1105 a
1699 1062 1838 1115 malo,
1874 1078 2009 1123 quate
2035 1067 2221 1112 remotis

250 1130 447 1178 vestibus
464 1131 569 1186 illis,
606 1129 839 1176 &indutis
858 1126 971 1183 aliis,
1005 1126 1187 1182 dicitur,
1225 1125 1334 1172 vide
1353 1124 1530 1171 tranfire
1545 1124 1627 1171 feci
1648 1141 1672 1171 a
1691 1138 1732 1170 te
1751 1127 2037 1188 iniquitatem
2058 1141 2180 1175 tuam
2203 1151 2221 1184 ·,

251 1196 377 1260 quod
403 1195 613 1259 iniquitas
648 1210 739 1241 non
771 1192 961 1240 transeat
993 1206 1071 1254 per
1105 1190 1404 1237 mutationem
1436 1189 1650 1245 vestium,
1686 1190 1879 1253 quisque
1914 1190 2019 1238 scire
2051 1194 2223 1255 potest,

250 1260 356 1307 inde
374 1255 508 1308 etiam
533 1259 723 1323 quisque
738 1257 1023 1314 concludere,
1058 1256 1183 1319 quod
1210 1254 1400 1302 vestium
1426 1260 1617 1302 mutatio
1634 1253 1768 1301 fuerit
1785 1257 2220 1319 repraesentativum,

247 1325 358 1372 ficut
381 1325 516 1372 etiam
543 1325 718 1384 Vestiam
737 1324 943 1378 Lavatio,
977 1336 1084 1384 quae
1107 1320 1332 1375 mandata,
1367 1335 1472 1366 cum
1498 1320 1854 1383 purificarentur,
1889 1334 1940 1367 ut
1967 1338 2074 1370 curn
2094 1340 2218 1372 acce-

251 1388 408 1439 derent
424 1392 477 1437 ad
506 1403 710 1437 montem
735 1388 874 1444 Sinai,
908 1387 1044 1434 Exod
1063 1404 1078 1432 .·
1109 1401 1194 1432 1x:
1226 1403 1319 1444 14;
1353 1401 1553 1449 cumque
1575 1385 1634 1432 ab
1656 1384 1847 1448 impuris
1871 1388 2217 1447 mundarentur,

252 1455 421 1503 Levit:
447 1471 503 1502 x1
532 1473 543 1501 :
571 1470 647 1515 25.
672 1470 752 1514 40.
813 1454 944 1516 Cap:
967 1467 1096 1499 xnr:
1124 1455 1168 1501 8.
1193 1468 1242 1515 9.
1311 1450 1471 1497 Num:
1495 1465 1626 1497 vrn:
1653 1451 1698 1498 6.
1728 1464 1773 1511 7.
1829 1451 1954 1514 Cap:
1977 1469 2104 1500 xrx:
2135 1474 2216 1505 11.

252 1521 374 1583 Cap:
400 1534 522 1566 xxxr
538 1537 552 1565 .·
583 1537 639 1582 19
664 1519 721 1566 ad
742 1535 819 1578 24.
847 1533 908 1579 25
930 1538 944 1571 3
979 1516 1296 1564 mundationes
1311 1515 1434 1563 enim
1452 1516 1509 1562 ab
1530 1515 1721 1578 impuris
1737 1516 1854 1562 fiunt
1872 1531 1951 1578 per
1966 1533 2067 1565 vera
2084 1520 2215 1577 fidei,

248 1587 356 1648 quia
373 1585 471 1633 haec
482 1585 647 1632 docent
663 1583 776 1646 quid
795 1585 984 1638 bonum,
1005 1581 1118 1645 quid
1136 1580 1339 1636 charitas,
1373 1580 1489 1644 quid
1508 1582 1763 1643 proximus,
1798 1581 1909 1644 quid
1922 1581 2055 1640 fides,
2086 1588 2216 1649 queck

251 1650 499 1706 Dominus,
533 1650 660 1713 quod
686 1648 888 1704 Coelurn,
938 1648 1064 1711 quod
1096 1649 1194 1695 vita
1227 1657 1411 1703 aeterna,
1462 1646 1563 1694 haec
1601 1661 1692 1693 non
1733 1646 1930 1695 sciuntur
1961 1649 2074 1711 quid
2104 1653 2210 1699 sunt>

248 1716 418 1780 absque
434 1716 551 1762 veris
568 1731 675 1779 quae
700 1715 882 1769 docent,
916 1715 968 1760 &
989 1727 1046 1758 ne
1070 1712 1260 1775 quidem
1284 1712 1411 1774 quod
1433 1710 1520 1758 fint
1540 1731 1553 1764 ;
1588 1712 1688 1775 quis
1712 1727 1804 1758 non
1828 1712 1956 1759 aliter
1978 1729 2037 1760 ex
2058 1714 2101 1761 se
2124 1732 2209 1763 no-

247 1782 334 1838 vit,
370 1797 506 1845 quam
523 1781 649 1843 quod
673 1781 849 1827 bonum
867 1778 1032 1829 amoris
1050 1777 1115 1824 sui
1137 1779 1188 1825 &
1213 1777 1396 1833 mundi,
1434 1777 1485 1824 sit
1506 1775 1695 1824 unicum
1718 1777 1839 1840 quod
1865 1778 2040 1827 bonum
2065 1780 2214 1828 homi-

247 1846 313 1903 ni,
360 1856 603 1909 utrumque
625 1845 751 1892 enim
774 1845 837 1891 est
859 1843 951 1909 ejus
973 1844 1084 1890 vitae
1100 1840 1386 1904 jucundum;
1438 1841 1488 1888 ὅτ
1510 1841 1611 1904 quis
1636 1843 1718 1889 nifi
1740 1858 1794 1888 ex
1821 1843 1935 1890 veris
1958 1844 2071 1892 fidei.
2088 1846 2216 1895 noffe

248 1911 413 1974 potest,
449 1911 574 1974 quod
600 1910 723 1957 aliud
746 1911 918 1957 bonum
940 1908 1011 1964 fit,
1045 1909 1170 1971 quod
1198 1907 1375 1955 homini
1397 1906 1605 1969 applicari
1629 1907 1793 1971 potest,
1839 1924 2006 1972 nempe
2030 1911 2211 1960 bonum·-

246 1979 414 2024 amoris
439 1976 483 2023 in
505 1977 679 2033 Deum,
715 1976 764 2022 &
787 1975 960 2034 bonum
983 1972 1205 2021 charitatis
1225 1987 1332 2033 erga
1356 1972 1641 2035 proximum,
1673 1973 1722 2019 &
1746 1974 1872 2036 quod
1896 1975 1941 2019 in
1967 1973 2053 2022 illis
2075 1976 2208 2023 bonis

248 2043 302 2088 fit
326 2043 417 2089 vita
440 2040 649 2097 coelestis,
685 2053 784 2089 tum
813 2039 939 2103 quod
973 2050 1149 2087 tantum
1182 2036 1274 2096 eius
1308 2038 1418 2084 boni
1450 2037 1608 2083 influat
1632 2052 1714 2098 pet
1736 2038 1904 2085 coelum
1930 2055 1954 2085 a
1974 2040 2210 2099 Domino,

243 2119 470 2172 quantum
505 2107 648 2154 homo
670 2105 711 2152 se
735 2121 833 2169 prae
856 2104 955 2152 aliis'
976 2119 1067 2150 non
1089 2115 1227 2160 amat,
1277 2103 1328 2150 &
1350 2114 1575 2167 quantum
1597 2118 1687 2149 non
1710 2116 1829 2150 amat
1852 2106 2083 2152 mundum
2107 2122 2214 2169 prae

245 2173 365 2220 coelo
385 2189 396 2220 τ
433 2188 490 2220 ex
507 2171 575 2218 his
597 2171 796 2219 constare
814 2171 978 2234 potest,
1013 2170 1140 2234 quod
1164 2168 1436 2232 purificatio,
1471 2183 1575 2231 quae
1597 2167 1908 2231 repraesentata
1932 2169 2017 2218 fuit
2041 2187 2120 2234 per
2141 2172 2209 2235 la-¹

245 2237 479 2286 vationem
502 2237 715 2292 vestium,
750 2236 828 2283 fiat
845 2252 923 2299 per
943 2251 1048 2282 vera
1069 2235 1194 2283 fidei.
1777 2286 1782 2292 ,

311 2317 455 2366 5955.
491 2301 556 2349 Et
577 2301 826 2366 Benjamini
849 2301 977 2348 dedit
1009 2312 1224 2348 trecentos
1255 2299 1446 2363 argenti,
1480 2298 1606 2362 quod
1641 2299 1862 2361 significet
1884 2300 2009 2363 quod
2034 2301 2206 2349 Medio·

245 2367 431 2431 plenum
465 2368 559 2414 veri
583 2383 641 2415 ex
665 2371 802 2423 bono,
837 2367 1009 2413 constat
1031 2382 1054 2413 a
1079 2365 1467 2429 repraesentatione
1484 2363 1774 2428 Benjamini3‚
1814 2365 1942 2429 quod
1966 2367 2018 2412 fit
2040 2367 2198 2414 Medi-

242 2449 345 2490 um,
381 2432 438 2479 de
452 2449 611 2496 quan:
638 2434 780 2495 5600.
805 2432 949 2495 5631.
977 2434 1121 2495 5639.
1146 2433 1288 2492 5688.
1317 2433 1475 2493 58223
1511 2446 1566 2476 ex
1584 2430 1970 2490 repraesentatione
1987 2431 2203 2494 Josephi,

240 2499 323 2562 qui
347 2497 494 2556 dedit,
528 2501 652 2562 quod
675 2499 728 2545 fit
748 2499 931 2545 Bonum
954 2496 1202 2552 Internum,
1237 2497 1294 2543 de
1315 2511 1405 2559 qua
1428 2512 1457 2542 n
1475 2512 1490 2541 .·
1516 2496 1662 2556 5826.
1689 2499 1831 2556 5827.
1859 2499 2002 2559 5869.
2029 2500 2154 2562 5877
2179 2519 2194 2551 ;

242 2579 300 2611 ex
322 2564 644 2624 significatione
684 2572 1004 2624 trecentorum,
1041 2562 1167 2627 quod
1202 2563 1288 2609 fint
1321 2562 1525 2624 plenum,
1569 2559 1626 2606 de
1663 2576 1754 2623 qua
1787 2561 2019 2625 sequitur,
2056 2564 2105 2610 δε
2139 2579 2201 2610 ex

243 2629 570 2692 fignificatione
603 2630 795 2691 argenti,
837 2627 965 2690 quod
996 2628 1048 2675 fit
1078 2643 1256 2683 verum,
1304 2628 1363 2674 de
1398 2641 1488 2690 qua
1512 2641 1571 2671 n:
1601 2641 1740 2686 155¹·
1769 2642 1911 2691 2954.
1938 2629 2100 2689 56583
2136 2645 2198 2675 ex

241 2696 310 2743 his
334 2706 475 2758 patet,
510 2694 636 2757 quod
662 2709 738 2756 per
759 2692 1012 2756 Benjamini
1035 2693 1164 2740 dedit
1186 2703 1406 2740 trecentos
1427 2691 1620 2752 argenti,
1653 2691 1923 2752 significetur
1939 2693 2065 2756 quod
2087 2694 2198 2740 Me-

241 2760 321 2808 dio
343 2759 581 2807 donaverit
597 2759 787 2822 plenum
802 2759 896 2805 veri
914 2774 971 2805 ex
990 2759 1129 2814 bono,
1165 2758 1228 2804 est
1244 2758 1365 2804 enirn
1378 2756 1611 2811 Medium,
1634 2757 1759 2819 quod
1781 2756 2009 2821 Benjamin
2032 2774 2196 2821 reprae-

241 2825 396 2881 sentat,
448 2826 620 2872 Verum
659 2824 840 2871 interius
877 2839 956 2886 per
990 2823 1218 2871 influxum
1254 2840 1280 2870 a
1312 2821 1498 2871 Coelesti
1533 2821 1734 2877 lntern0,
1771 2840 1830 2869 n:
1858 2824 2004 2884 5600.
2043 2826 2190 2886 5631.

244 2891 384 2956 Qiod
408 2891 624 2938 Trecenti
645 2890 732 2937 fint
755 2889 961 2954 plenum,
995 2889 1059 2936 est
1081 2889 1203 2953 quia,
1239 2887 1486 2952 exsurgunt
1508 2902 1567 2933 ex
1588 2887 1727 2934 tribus
1751 2890 1799 2936 δε
1822 2905 1878 2935 ex
1903 2901 2084 2938 centum
2112 2905 2194 2951 per

241 2956 680 3020 multiplicationem,
715 2956 764 3004 δε
783 2955 865 3003 tria
882 2954 1136 3017 fignificant
1158 2955 1364 3017 plenum,
1399 2971 1454 3000 n:
1482 2954 1604 3014 2788
1614 2971 1636 3000 .“
1649 2959 1746 3015 ιῐ49
1754 2972 1798 3014 5,
1834 2954 1883 3000 ὅτ
1901 2966 2086 3001 centum
2105 2954 2194 3016 sig-

241 3020 425 3069 nificant
446 3021 667 3079 multum,
700 3038 728 3068 n
749 3039 760 3069 :
784 3036 916 3083 4400
936 3041 950 3076 3
985 3019 1095 3084 quid
1117 3019 1239 3067 enim
1264 3019 1443 3067 numeri
1463 3017 1706 3078 compositi
1730 3021 1987 3074 involvunt,
2022 3021 2194 3067 constat

242 3099 298 3130 ex
322 3086 594 3149 simplicibus
608 3103 635 3144 ,a
651 3088 814 3152 quibus
832 3088 950 3135 sunt.
1009 3086 1242 3142 Trecenti,
1265 3086 1344 3133 ubi
1361 3084 1466 3132 alibi
1484 3085 1529 3131 in
1547 3082 1702 3129 Verbo
1726 3086 2033 3142 nominantur,
2057 3087 2195 3132 etiam

246 3149 386 3198 fimile
419 3151 683 3211 involvunt,
715 3153 826 3203 ficut
845 3150 972 3219 quod
996 3166 1097 3201 arca
1116 3151 1223 3201 Noe
1239 3151 1346 3201 effet
1377 3146 1666 3213 longitudine
1688 3162 1986 3216 trecentorum
2022 3152 2201 3198 cubito-

2082 3233 2184 3265 rum
