2626 3666
349 214 661 287 CAPUT.
683 180 1548 315 QUADRAGESIMUM
1568 214 2127 286 SECUNDUM.
2167 241 2199 290 1
2215 242 2243 308 3
2257 244 2297 311 9

334 394 341 399 ,
373 357 528 408 5527.>
556 340 622 403 Et
645 354 809 390 terram
834 341 1114 404 negotiando
1138 340 1472 406 pervagamini‚
1510 341 1634 407 quod
1658 342 1883 405 significet
1905 345 2032 409 quod
2057 346 2118 395 ita
2137 346 2297 398 fructi-

297 403 557 466 ficabuhtut
580 424 683 457 vera
705 424 762 456 ex
785 409 909 456 bono
932 409 983 458 &
1005 408 1165 456 omnia
1197 409 1359 456 cedent
1389 409 1486 470 usui
1524 411 1574 457 δε
1610 409 1751 466 lucro,
1787 411 1960 460 constat
1993 428 2050 459 ex
2072 415 2295 476 significa-

299 479 424 528 tione
441 474 682 540 negotiari,
716 474 847 541 quod
871 475 927 524 fit
947 471 1236 538 cognitiones
1259 475 1368 523 boni
1387 477 1437 524 δε
1455 475 1569 533 ved,
1595 475 1657 524 ita
1674 493 1778 525 vera
1798 477 2030 536 Ecclesiae,
2064 481 2146 529 fibi
2164 498 2292 530 com-

296 547 475 608 patate‚‘
503 542 556 591 ’δε
574 542 652 591 illa
664 544 1023 600 communicare,
1060 542 1117 589 de
1135 558 1225 606 qua
1244 559 1296 589 n:
1322 559 1452 607 4453
1478 564 1491 597 ·,
1527 543 1832 606 negotIatores
1851 560 2069 594 vocantur
2085 549 2168 613 qui
2189 551 2291 599 talia

293 602 478 666 liab'ent,
514 607 572 658 n:
601 609 750 674 29'673
785 626 925 675 quare
961 610 1245 672 negotiando
1279 609 1519 673 pervagari
1557 624 1743 668 terram,
1780 612 1845 659 est
1879 615 2147 676 conquirere
2187 618 2309 674 talia

292 660 558 741 ulsicunque
580 677 684 726 sunt
703 699 718 733 3
754 676 860 738 inde
883 675 1103 742 sequitur,
1139 676 1267 741 quod
1292 677 1431 725 etiam
1449 693 1530 741 per
1547 677 1827 743 negotiando
1846 682 2086 744 pervagari
2106 695 2290 741 terram,

293 740 572 806 significetur
592 744 856 792 fruffificare
874 760 979 792 vera
1011 760 1069 792 ex
1090 743 1215 791 bono
1235 765 1249 798 ;
1284 759 1393 791 cum
1425 743 1549 791 enim
1579 743 1844 808 conjunctio
1864 743 1981 794 faeta
2005 748 2068 795 est
2092 765 2168 812 per
2184 751 2307 798 Μς-.

290 810 443 867 dium,
470 810 594 875 quod
618 810 874 875 Benjamin,
898 827 1066 874 nempe
1087 810 1278 858 Externi
1298 811 1514 868 hominis,
1537 810 1664 875 quod
1688 811 1845 860 decern
1871 813 1955 860 filii
1975 816 2155 876 Jacobi‚
2180 834 2309 871 cum,

292 877 498 934 Interno,
537 877 661 941 quod
682 877 873 940 Joseph‚
909 878 966 924 de
996 894 1087 941 qua
1105 875 1427 941 conjunctione
1453 878 1532 925 hic
1550 878 1718 941 agitur,
1754 877 1829 926 seu
1852 881 1982 943 quod
2002 882 2146 941 idem,
2182 902 2287 934 cum

284 943 434 1003 hot-no
457 958 739 1009 §regeneratus
760 944 842 1002 est,
879 958 988 992 tunc
1007 960 1111 993 vera
1133 945 1351 993 continue
1367 943 1692 998 fructificantur
1710 962 1767 994 ex
1787 946 1910 1012 bono
1931 967 1946 1001 3
1983 950 2065 1013 qui
2084 953 2207 1004 enim
2236 954 2285 999 in

294 994 519 1075 bondesp
557 1011 603 1062 in
626 1010 838 1060 facultate
861 1011 926 1060 est
939 1011 1247 1077 perspiciendi
1271 1028 1376 1061 vera
1399 1027 1545 1077 quaea
1568 1012 1896 1060 communibtis
1927 1016 2091 1074 fluunt,
2117 1006 2178 1065 ³&
2203 1019 2290 1075 hot:

290 1066 472 1138 iniserie
489 1077 734 1138 continua}
770 1082 821 1129 ὅτ
845 1081 992 1142 magis
1014 1079 1122 1129 dein
1140 1078 1186 1128 in
1210 1078 1350 1128 altera
1365 1079 1481 1136 vita,
1517 1079 1593 1142 ubi
1607 1079 1851 1148 *mundana
1878 1082 1928 1148 &
1950 1098 2168 1148 corporea
2186 1103 2287 1137 non

284 1141 581 1193 inumbrant:
616 1146 743 1210 quod
768 1148 815 1194 in
840 1146 964 1195 bono
988 1145 1062 1194 illa
1084 1142 1268 1193 facultas
1290 1146 1362 1203 fit,
1385 1162 1466 1211 per
1495 1146 1677 1210 plurem
1710 1147 2040 1210 experientiam
2064 1152 2172 1199 scite
2205 1153 2286 1201 da·

287 1223 391 1260 turn
421 1210 483 1259 est
504 1233 518 1267 3
545 1210 750 1276 spiritus,
784 1214 866 1278 qui
891 1229 983 1260 non
1008 1212 1074 1261 ita
1095 1212 1588 1276 perspicaces.fuerunt
1613 1229 1723 1262 cum
1758 1216 1983 1275 vixerunt·
2003 1217 2211 1267 homines
2236 1221 2314 1280 in„

220 1289 223 1291 ’
288 1277 484 1334 mundo,
518 1290 564 1326 at
582 1277 723 1345 usque
743 1278 969 1327 charitatis
986 1281 1129 1326 vitam
1154 1291 1356 1342 egerant,
1394 1279 1492 1327 illos
1511 1279 1608 1327 vidi
1626 1281 1673 1327 in
1693 1280 1923 1330 societates
1945 1286 2169 1346 angelicas
2193 1287 2285 1335 ele·

285 1357 436 1401 vatos,
471 1346 522 1395 &
548 1346 719 1406 tunqin
745 1346 880 1395 sunili
904 1345 1204 1407 intelligentia
1226 1347 1278 1394 δε
1302 1345 1520 1409 sapientia
1536 1362 1638 1394 cum
1666 1348 1839 1408 angelis
1857 1348 1939 1404 ibi,
1976 1350 2073 1398 imo
2092 1369 2184 1402 non
2204 1355 2286 1401 ali-

287 1424 355 1460 ter
378 1411 574 1477 sciebant
595 1406 737 1489 quain
760 1412 884 1478 quod
910 1410 1214 1475 intelligentia
1237 1413 1286 1460 &
1313 1411 1530 1476 sapientia
1562 1412 1639 1460 illa
1664 1412 1708 1459 in
1735 1414 1788 1460 iis
1815 1415 1984 1470 effent;
2019 1434 2143 1468 erant
2160 1421 2287 1468 enim

282 1486 370 1543 per
389 1479 588 1537 bonum,
612 1474 783 1544 vinquo
798 1477 991 1536 fuerant,
1025 1478 1078 1527 in
1093 1475 1303 1528 facultate
1331 1478 1579 1543 recipiendi
1597 1494 1790 1528 omnem
1825 1481 2057 1531 influxum
2090 1484 2287 1535 asocita·

288 1544 412 1605 tibus
435 1545 672 1611 angelicis,
707 1549 756 1595 in
773 1546 944 1611 quibus
964 1557 1092 1595 etant
1117 1562 1135 1593 ·.
1173 1545 1273 1594 talis
1296 1544 1479 1596 facultas
1500 1544 1614 1594 inest
1632 1546 1774 1605 bone,
1804 1547 1981 1597 &inde
2009 1552 2108 1599 talis
2129 1552 2288 1603 fructi-

285 1612 456 1663 ficatio.
526 1612 618 1662 Ast
651 1629 774 1670 vera,
805 1630 919 1679 quae
940 1613 1066 1678 apud
1091 1611 1194 1663 illos
1216 1610 1547 1662 fructificantur
1568 1629 1594 1660 a
1629 1612 1770 1672 bone,
1805 1630 1897 1663 non
1937 1632 2123 1667 manent
2162 1637 2286 1679 vera,

284 1678 365 1727 sed
394 1681 452 1728 ab
476 1679 565 1728 illis
600 1679 875 1729 mandantur
891 1680 1022 1739 vitae,
1056 1681 1109 1728 ὅτ
1127 1692 1238 1729 tunc
1254 1682 1376 1729 fiunt
1395 1679 1533 1736 usus;
1567 1693 1847 1745 quapropter
1886 1698 1967 1746 per
2001 1685 2286 1749 negotiando

283 1748 654 1813 pervagabimini
672 1761 855 1807 tetram,
888 1748 1030 1797 etiam
1047 1747 1328 1811 significatur
1343 1746 1474 1811 quod
1491 1748 1647 1815 omnia
1669 1748 1831 1796 cedent
1846 1748 1947 1797 usui
1966 1751 2018 1800 &
2038 1752 2184 1805 lucro,

360 1817 511 1891 5538.
547 1813 693 1863 Vers:
722 1832 809 1880 35.
835 1814 917 1878 36.
945 1831 1024 1878 37.
1051 1817 1130 1876 38.
1177 1816 1242 1863 Et
1253 1815 1370 1880 fuit,
1403 1814 1470 1864 illi
1503 1825 1759 1864 evacuantes
1777 1816 1924 1879 fhecos
1950 1819 2068 1881 ficos,
2106 1821 2162 1870 ἑά
2197 1838 2288 1871 ecce

290 1884 435 1944 quivis
450 1881 663 1947 colligatio
699 1883 871 1946 argenti
881 1883 957 1946 siti
971 1881 1150 1944 in-sacco
1161 1882 1261 1947 suo,
1298 1881 1355 1931 ἔθ’
1368 1879 1574 1931 videbant
1611 1881 1895 1947 collrgationes
1915 1888 2090 1947 argenti
2109 1888 2287 1959 ιἸζονιιηι

288 1951 359 2009 illi
375 1948 433 2000 ἐξ
448 1957 579 2011 pater
594 1947 783 2007 illorum,
818 1947 876 2000 Β
891 1951 1142 1999 timuerunt.
1212 1950 1277 1999 Et
1291 1947 1400 1997 dixit
1415 1947 1476 1996 ad
1494 1947 1588 1998 illos
1610 1949 1748 2011 Jacob
1762 1958 1897 2010 pater
1910 1951 2096 2011 illoram,
2131 1971 2195 2003 me
2216 1973 2288 2004 or-

278 2015 477 2079 bamstis,
513 2014 671 2079 Joseph
689 2031 770 2064 non
801 2013 873 2077 ὦ,
909 2015 967 2066 &
990 2016 1204 2064 Schimeon
1234 2032 1314 2065 non
1336 2016 1408 2078 (st,
1440 2016 1502 2066 &²
1527 2015 1819 2079 Benjaminem
1856 2019 2042 2081 sumitis,
2065 2023 2199 2084 super
2219 2041 2286 2071 me

280 2092 412 2139 erunt
427 2084 567 2131 omnia
582 2082 687 2132 haec.
756 2083 820 2132 Et
835 2081 946 2131 dixit
964 2083 1118 2132 Ruben
1140 2082 1202 2131 ad
1222 2092 1396 2147 patrem
1410 2084 1553 2146 fleam,
1586 2082 1771 2141 dicendo,
1807 2083 1909 2132 duos
1919 2083 2038 2143 filios
2054 2085 2162 2137 ineos
2179 2093 2289 2139 mori

246 2196 263 2213 ς,
275 2147 443 2218 facias,
478 2149 558 2214 mfi
578 2147 810 2213 ,adduxero
840 2149 960 2199 illum
982 2149 1044 2198 ad
1063 2160 1122 2206 te,
1156 2148 1213 2196 da
1229 2150 1349 2199 illum
1370 2151 1506 2214 fhper
1527 2165 1697 2219 manum
1719 2166 1873 2207 meam,
1909 2151 1968 2205 ξεῖ
1989 2169 2061 2215 ego
2083 2155 2287 2206 reducam

278 2216 403 2277 illum
424 2214 486 2266 ad
514 2226 573 2266 te.
641 2217 708 2269 Et
728 2215 855 2281 dixit,
897 2233 980 2265 non
994 2266 998 2271 ,
1013 2215 1221 2280 descendet
1249 2215 1372 2275 filius
1406 2233 1520 2268 meus
1559 2212 1765 2279 vobiscum
1778 2254 1794 2274 ,
1846 2220 1948 2282 quia
1979 2221 2137 2283 frater
2169 2224 2287 2285 illius

283 2289 494 2345 marmus,
529 2282 587 2334 δέ
609 2283 681 2333 ille
699 2283 817 2347 fidus
838 2286 874 2333 is
903 2284 1091 2342 relibtus,
1127 2282 1184 2333 &⁸
1207 2283 1409 2332 obveniat
1425 2280 1492 2332 illi
1508 2282 1709 2332 damnum
1726 2286 1771 2331 in
1793 2287 1871 2332 via
1893 2302 1977 2349 qua
1994 2286 2112 2335 ibitis
2128 2286 2284 2349 ailla,

283 2352 342 2403 &
363 2342 599 2426 discendere
603 2351 785 2415 facietis
809 2352 1006 2400 canitiem
1028 2367 1162 2400 meam
1186 2352 1236 2399 in
1263 2367 1438 2399 maerore
1443 2350 1730 2414 sepulchrum.
1801 2350 1868 2399 Et
1892 2352 1999 2410 fuit,
2037 2352 2101 2401 illi
2124 2373 2287 2406 evacu-

282 2418 408 2468 antes
425 2418 569 2467 saccos
592 2417 708 2474 suos,
745 2417 1124 2481 fignificat'usum
1146 2433 1206 2465 ex
1227 2417 1346 2466 veris
1369 2435 1478 2484 quae
1498 2418 1543 2464 in
1563 2419 1753 2466 naturali
1773 2435 1784 2465 ε
1822 2421 1872 2467 δε
1898 2419 1999 2467 ecce
2024 2422 2169 2481 cuiyis
2193 2426 2287 2472 col-

280 2485 447 2551 ligatio
474 2485 650 2549 argenti
687 2484 771 2542 sui,
807 2483 1030 2548 fignificat
1064 2484 1370 2532 ordinationes
1408 2500 1621 2532 verorum
1659 2485 1846 2532 donatas
1884 2487 2051 2548 gratis:
2089 2490 2134 2535 in
2161 2490 2286 2540 sacco

281 2553 382 2609 suo,
407 2544 629 2615 fignificat
643 2551 692 2600 in
702 2551 898 2617 cujusvis
920 2551 1225 2615 receptaculo:
1249 2552 1300 2599 &
1315 2550 1533 2600 videbant
1549 2551 1864 2613 colligationes
1878 2553 2058 2614 argenti
2082 2555 2285 2616 illorum,

277 2618 506 2685 significat
534 2620 935 2685 apperceptionem
958 2617 1086 2683 quod
1110 2618 1170 2666 ita
1190 2635 1201 2664 ε
1238 2617 1374 2665 illi&
1399 2629 1525 2680 pater
1559 2617 1765 2674 illorum,
1799 2618 2023 2682 fignificat
2044 2636 2069 2668 a
2093 2623 2209 2671 veris
2233 2627 2286 2674 δε

281 2686 411 2737 bono
433 2683 529 2733 veri
553 2683 600 2732 in
623 2685 847 2742 naturali:
883 2686 933 2733 ὅτ
963 2686 1236 2741 timuerunt,
1272 2684 1495 2747 fignificat
1519 2683 1721 2732 sanctum
1742 2702 1753 2731 :
1789 2685 1841 2732 &
1864 2685 1984 2734 dixit
2008 2687 2060 2735 ad
2084 2688 2187 2737 illos
2203 2692 2285 2752 Ja-

275 2754 369 2804 cob
393 2765 521 2818 pater
543 2744 751 2810 illorum,
786 2752 1010 2818 fignificat
1033 2751 1378 2818 perceptionem
1412 2751 1501 2798 illis
1524 2766 1552 2798 a
1575 2751 1699 2799 bono
1724 2753 1822 2798 veri
1852 2770 1864 2799 ε
1912 2770 1989 2802 me
2028 2757 2285 2818 orbaviffis,

274 2820 506 2888 fignificat
527 2818 658 2885 quod
682 2817 744 2868 fic
763 2834 858 2867 non
892 2816 1089 2868 Ecclesia
1124 2817 1304 2880 magis:
1339 2817 1515 2882 Joseph
1548 2833 1640 2866 non
1672 2816 1754 2874 est,
1790 2818 2013 2882 fignificat
2051 2822 2284 2874 internum

274 2887 412 2955 quod
435 2901 530 2935 non
546 2886 631 2934 fit:
667 2887 717 2935 ὅτ
733 2884 981 2934 Schirneon
1005 2900 1100 2933 non
1122 2885 1205 2942 est,
1241 2884 1464 2949 fignificat
1482 2884 1597 2932 fides
1619 2883 1852 2932 voluntate
1875 2888 1999 2950 qnod
2027 2903 2109 2935 nec
2130 2890 2212 2940 fit:
2232 2893 2286 2940 δε

279 2953 600 3017 Beniaminem
617 2951 816 3010 sumitis,
851 2951 1076 3016 fignificat
1099 2949 1131 2998 fi
1150 2951 1284 2999 etiam
1303 2951 1508 2999 medium
1524 2950 1754 2999 aufertur:
1793 2951 1921 3017 super
1946 2970 2019 3000 me
2034 2970 2165 3004 crunt
2183 2974 2287 3006 om·

279 3023 374 3080 nia,
409 3019 783 3085 significatquod
807 3020 866 3068 fic
888 3017 1169 3066 destructum
1194 3019 1281 3065 erit
1299 3015 1344 3064 id
1368 3016 1498 3082 quod
1522 3017 1588 3064 est
1610 3015 1824 3066 Ecclefiae
1848 3035 1858 3064 ε
1895 3020 1946 3066 &
1968 3019 2085 3068 dixit
2115 3023 2284 3073 Ruben

283 3084 344 3136 'ad
364 3101 543 3153 patrem
576 3086 734 3149 suurn,
770 3083 997 3153 fignificat
1019 3084 1103 3132 ailla
1136 3099 1246 3150 quae
1284 3083 1394 3132 fidei
1437 3083 1665 3133 intelleCiu
1692 3084 1793 3132 sunt
1814 3099 2087 3150 appercepta
2109 3090 2135 3137 'a
2159 3091 2286 3140 bono

280 3155 414 3203 veri:
447 3154 648 3203 dicendo
668 3154 787 3204 duos
819 3152 939 3211 filios
975 3166 1102 3200 meos
1135 3150 1253 3200 mori
1287 3148 1439 3208 faciaS‚
1473 3151 1699 3213 fignificat
1722 3152 1851 3216 quod
1886 3153 1997 3202 fidei
2032 3167 2285 3223 utrumque

283 3233 371 3270 nec
390 3219 623 3283 victutum
644 3238 670 3283 :⁸
691 3220 774 3272 nisi
790 3221 1029 3272 adduxero
1053 3218 1188 3269 illum
1203 3217 1260 3268 ad
1275 3229 1348 3332 ἐς,
1382 3217 1609 3282 significat
1632 3217 1712 3267 nili
1739 3218 1950 3268 medium
1973 3220 2285 3287 adjungatur:

845 3294 847 3296 ’
1347 3300 1372 3333 2
2227 3291 2286 3339 da
