2606 3646
272 155 524 294 ¹:2³0
680 199 799 271 e
938 197 1008 270 E
1137 195 1228 268 N
1357 194 1429 275 ,Ε
1558 148 1796 268 ss
1917 193 1983 268 S.

393 335 443 382 ὅτ
458 343 616 379 verum
642 345 721 394 per
742 329 885 394 quod,
919 327 1092 377 constat
1108 344 1134 378 a
1148 328 1539 394 repraesentatione
1555 329 1740 387 Israelis,
1764 331 1857 394 *qui
1874 327 1948 378 hic
1963 328 2027 379 est
2048 339 2194 394 pater,
2227 322 2362 397 quod-

386 401 438 447 sit
458 402 632 445 bonum
653 397 875 460 spirituale
893 393 964 442 seu
979 395 1155 443 bonurn
1172 395 1286 451 veri,
1321 395 1377 442 de
1400 410 1489 460 qua
1511 410 1569 441 n:
1596 395 1740 456 3654.
1764 400 1892 458 4598
1917 415 1931 448 ;
1964 396 2090 458 quod
2110 395 2162 444 fit
2180 397 2358 448 bonum

373 482 412 510 ·a
436 475 533 526 quo,
569 463 631 509 est
649 463 757 526 quia
773 477 799 507 a
817 462 938 508 bono
956 460 1167 523 spirituali
1187 459 1290 507 sunt
1305 473 1409 507 vera
1429 462 1474 506 in
1489 461 1675 523 naturali
1691 481 1706 514 ·,
1732 459 1783 506 &
1799 477 1825 508 a
1842 462 2227 524 repraesentatione
2240 458 2361 510 vBen-

376 528 581 594 jaminis,
630 528 708 590 qui
737 525 807 573 hic
831 526 981 580 frater,
1001 558 1006 565 ‚
1024 526 1151 587 quod
1177 525 1230 572 fit
1262 539 1421 572 verum
1443 546 1457 578 ;
1495 523 1622 586 quod
1642 525 1695 573 fit
1717 539 1875 573 verum
1885 537 1983 586 per
2004 527 2144 590 quod}
2167 527 2232 574 est
2252 530 2360 592 quia

386 610 469 658 per
487 592 596 640 illud
622 590 880 654 conjunclio
902 590 966 636 exst
991 603 1204 637 verorum
1231 589 1446 638 Ecclefiae
1469 590 1515 636 in
1540 590 1742 646 naturali,
1775 606 1882 653 quae
1903 591 1988 638 filii
2010 591 2168 652 Jacobi
2191 608 2362 656 reprae·

385 661 581 713 sentant,
616 672 723 718 cum
755 655 879 704 bono
909 654 1122 717 spirituali
1155 655 1284 719 quod
1311 654 1438 703 Israel
1459 674 1476 709 5
1512 656 1563 703 δε
1585 655 1692 719 quia
1713 654 1973 718 conjunctio
1995 672 2076 720 per
2099 657 2228 715 illud,
2262 659 2362 707 des-

358 760 363 763 .
387 726 573 773 cribitur
591 723 765 777 multis,
799 720 1037 784 quomodo
1053 733 1182 782 pater
1204 722 1377 768 amavit
1397 718 1727 783 Benjarninem‚
1763 721 1844 785 qui
1871 721 1915 769 id
1941 736 2100 769 verum
2125 724 2362 787 repraesen-

386 804 450 838 tat
472 810 488 845 ·,
533 789 581 833 &
606 786 842 850 quomodo
866 785 1207 850 Jehudahcum
1232 787 1412 850 reliquis
1435 802 1526 833 non
1550 787 1712 834 reverti
1739 798 1988 848 potuerunt
2009 787 2066 834 ad
2090 801 2265 850 patrem
2289 789 2361 838 su·

389 870 492 910 um,
529 853 610 900 nisi
632 850 870 915 Benjamin
893 851 1000 897 effet
1020 865 1126 899 cum
1150 850 1252 898 illis.
1321 852 1394 900 De
1414 851 1503 899 hoc
1527 853 1654 899 Vero
1676 851 1884 899 videatur
1907 852 2019 898 infra
2042 868 2070 899 n
2094 870 2105 899 ε
2131 857 2277 916 5835.

456 923 601 981 5802..
638 915 700 964 Et
720 917 922 964 diximus
948 916 1006 963 ad
1029 916 1273 964 dominum
1297 931 1470 973 meum,
1503 917 1630 981 quod
1647 917 1871 981 significet
1886 918 2160 981 reciprocam
2184 934 2369 984 percep-

386 986 585 1039 2tionem,
601 981 770 1029 constat
786 998 813 1029 a
829 981 1154 1045 significatione
1171 981 1340 1040 dicere,
1356 983 1481 1047 quod
1497 982 1550 1030 fit
1566 984 1815 1047 perceptio,
1832 982 1888 1030 de
1905 999 1996 1047 qua
2014 983 2178 1047 saepius
2198 1004 2213 1040 3
2236 984 2364 1050 quod

390 1053 444 1103 fit
463 1046 691 1114 perceptio
707 1047 951 1111 reciproca,
987 1058 1127 1110 patet.

459 1119 603 1177 5803.
639 1111 723 1159 Est
748 1112 877 1160 nobis
901 1123 1029 1176 pater
1052 1110 1203 1169 senex,
1237 1111 1366 1185 quod
1392 1111 1614 1176 significet
1632 1112 1758 1177 quod
1782 1112 1870 1160 illis
1892 1111 2067 1161 bonum
2093 1113 2315 1178 spirituale
2335 1133 2364 1165 a

387 1199 500 1249 quo,
533 1177 705 1226 constat
727 1194 754 1226 a
788 1176 1185 1241 repraesentatione
1219 1177 1403 1234 Israelis,
1437 1179 1520 1242 qui
1544 1178 1618 1226 hic
1640 1191 1783 1242 pater,
1817 1177 1942 1242 quod
1967 1179 2019 1227 stt
2042 1179 2214 1227 bonum
2240 1180 2368 1246 spiri·

389 1249 513 1300 tuale
535 1260 561 1291 a
583 1257 696 1308 quo,
740 1241 798 1289 de
820 1259 913 1308 qua
936 1256 1050 1292 mox
1073 1241 1204 1306 supra
1229 1258 1258 1291 n
1278 1260 1290 1290 ε
1317 1246 1463 1305 5801.
1554 1243 1698 1309 Qod
1735 1243 2174 1307 repraesentationem
2198 1245 2368 1296 Israelis

392 1318 567 1366 attinet,
613 1309 817 1355 videatur
841 1325 870 1356 n
890 1327 903 1358 ι
927 1307 1075 1368 4286.
1100 1323 1246 1370 4292.
1270 1323 1421 1372 4570,
1454 1309 1583 1372 quod
1608 1324 1773 1372 nempe
1802 1305 2088 1371 rep'raesentet
2118 1309 2371 1362 Ecclesiam

390 1374 681 1446 spiritualem,
719 1374 769 1422 &
792 1375 981 1438 quidem
1003 1370 1096 1435 ejus
1116 1371 1374 1431 Internum,
1410 1373 1538 1438 quod
1561 1373 1625 1421 est
1648 1375 1823 1422 bonum
1848 1374 1958 1430 veri,
1993 1376 2068 1422 seu
2086 1375 2259 1426 bonum
2282 1378 2371 1442 spi-

387 1445 549 1500 rituale
573 1455 598 1487 e
622 1438 813 1489 naturali
833 1457 845 1490 :
868 1440 983 1505 quid
1011 1438 1189 1487 bonum
1211 1439 1536 1506 spirituale·seu
1558 1439 1734 1487 bonum
1756 1439 1869 1496 veri,
1902 1439 2111 1489 videatur
2134 1457 2193 1490 n:
2217 1443 2367 1506 5526.

395 1528 612 1640 ῃὲἒοψ
637 1573 716 1622 'Et
739 1582 869 1622 natus
885 1570 1168 1626 senestutum
1191 1571 1430 1628 minimus
1463 1570 1591 1637 quod
1607 1571 1828 1635 fignificet
1847 1571 1952 1620 inde
1965 1588 2126 1623 verum
2140 1573 2267 1638 quod
2285 1591 2371 1624 no-

389 1661 524 1701 vum,
556 1639 726 1690 constat
741 1654 800 1687 ex
817 1637 1205 1701 repraesentatione
1225 1634 1518 1701 Benjaminis,
1552 1638 1634 1700 qui
1651 1638 1726 1685 hic
1742 1637 1806 1685 est
1823 1649 1951 1685 natus
1969 1639 2207 1697 minimus,
2241 1641 2371 1701 quod

395 1713 451 1763 fit
485 1722 670 1763 verum,
705 1706 763 1752 de
791 1720 886 1768 qua
920 1703 1050 1769 supra
1074 1722 1134 1754 n:
1161 1706 1325 1766 58ot·,
1357 1702 1485 1765 quod
1520 1704 1656 1750 etiam
1694 1714 1824 1751 natus
1847 1702 1921 1750 seu
1945 1705 2066 1752 filius
2098 1704 2152 1752 fit
2185 1721 2369 1764 verum,

396 1776 607 1825 videatur
644 1787 672 1818 n
698 1788 709 1818 :
734 1772 846 1834 489.
871 1786 984 1833 49¹·
1032 1785 1155 1832 ¹147
1194 1768 1338 1833 2629.
1373 1783 1537 1832 33733
1572 1769 1621 1816 &
1652 1785 1710 1816 ex
1733 1768 2057 1829 fignificatione
2094 1768 2370 1828 senectutus,

390 1840 524 1908 iquod
549 1839 600 1886 sit
624 1851 798 1884 novum
823 1835 949 1890 vitae,
975 1834 1040 1883 de
1063 1852 1156 1901 qua
1188 1850 1332 1897 3492.
1357 1835 1506 1893 4620.
1529 1834 1661 1897 4676
1687 1855 1701 1888 ;
1736 1832 1842 1880 inde
1868 1847 2008 1896 patet,
2040 1835 2166 1895 quod
2189 1851 2273 1899 per
2295 1853 2372 1884 na·
2463 1836 2466 1838 ’

397 1923 501 1958 tum
525 1903 801 1953 seneRutum
834 1899 1102 1958 minimum,
1140 1899 1412 1961 significetur
1448 1914 1607 1946 verum
1633 1898 1758 1963 quod
1788 1915 1981 1947 novum.
2052 1902 2178 1948 Cum
2202 1902 2291 1950 hoc
2313 1904 2376 1951 ita

399 1975 445 2023 se
477 1971 645 2023 habet3
681 1968 844 2023 home,
878 1966 957 2032 qui
981 1978 1266 2028 regeneratur
1288 1966 1338 2012 &
1359 1965 1414 2012 fit
1437 1963 1692 2027 spiritualiS,
1729 1966 1763 2012 is
1787 1966 1992 2028 primum
2022 1981 2102 2027 per
2123 1982 2285 2014 verum
2315 1969 2375 2017 ad

405 2043 586 2088 bonum
611 2034 808 2087 ducitur,
834 2047 925 2078 non
949 2033 1074 2080 enim
1096 2032 1177 2080 scit
1197 2031 1357 2086 homo,
1380 2030 1493 2092 quid
1517 2031 1691 2078 bonum
1716 2030 1959 2093 spirituale,
1996 2029 2211 2095 seuquod
2230 2033 2378 2092 idem,

402 2108 581 2158 bonurn
609 2097 938 2154 Christianum,
973 2098 1056 2145 nisi
1079 2113 1158 2161 per
1179 2112 1361 2149 verum.
1398 2094 1469 2143 seu
1493 2111 1573 2158 per
1589 2095 1834 2144 doctrinale
1855 2095 1983 2160 quod
2007 2111 2064 2143 ex
2088 2096 2276 2153 Verbo;
2312 2100 2378 2152 ita

404 2170 604 2220 initiatur
629 2165 676 2212 in
700 2164 877 2211 bonum
898 2184 912 2216 ς
948 2162 1100 2225 postea
1117 2177 1224 2210 cum
1243 2162 1442 2209 initiatus
1464 2161 1547 2217 est,
1584 2177 1676 2208 non
1700 2161 1891 2224 amplius
1911 2177 1991 2224 per
2014 2176 2173 2209 verum
2197 2162 2380 2213 ducitur

404 2237 464 2286 ad
482 2235 674 2286 bonurn,
710 2228 782 2276 sed
803 2244 883 2291 per
901 2228 1076 2275 bonum
1093 2228 1147 2275 ad
1166 2243 1346 2283 verum,
1380 2241 1483 2273 nam
1503 2238 1610 2274 tunc
1630 2242 1687 2274 ex
1706 2227 1829 2274 bono
1847 2241 1937 2273 non
1958 2226 2099 2274 modo
2121 2228 2249 2276 videt
2267 2245 2378 2280 vera

407 2317 515 2368 quae
539 2300 658 2362 prIus
677 2295 877 2350 sciverat,
910 2293 985 2341 sed
1009 2295 1147 2340 etiam
1167 2308 1225 2340 ex
1242 2293 1367 2339 bono
1386 2292 1599 2353 producit
1623 2308 1755 2348 nova,
1791 2307 1896 2354 quae
1915 2308 2005 2338 non
2030 2292 2154 2355 prius
2177 2293 2378 2354 sciverat,

410 2382 496 2417 nec
513 2364 617 2412 scire
636 2370 843 2424 potuerat
862 2379 876 2412 ;
911 2359 1086 2406 bonurn
1109 2358 1232 2406 enim
1259 2356 1413 2404 secum
1436 2356 1583 2414 habet,
1619 2359 1746 2422 quod
1768 2358 1986 2406 desideret
2008 2373 2129 2413 vera,
2164 2359 2233 2406 his
2253 2363 2378 2410 enim

409 2431 533 2500 quasi
549 2427 762 2482 nutritur,
796 2439 901 2472 nam
926 2424 1154 2488 perficitur
1171 2422 1331 2471 abillis
1351 2443 1366 2476 ;
1400 2421 1500 2470 haec
1522 2439 1640 2480 vera,
1678 2423 1876 2471 seu'vera
1894 2439 2012 2471 nova
2032 2425 2225 2471 multum
2250 2425 2382 2475 diffe-

415 2508 521 2548 runt
544 2510 570 2542 a
589 2493 707 2540 veris
730 2505 840 2555 quae
860 2502 989 2537 antea
1012 2489 1212 2546 sciverat,
1248 2504 1354 2535 nam
1376 2503 1483 2551 quae
1511 2501 1640 2536 antea
1664 2488 1864 2544 sciverat,
1900 2504 2060 2551 patum
2087 2490 2199 2536 vitae
2219 2490 2381 2540 habue-

419 2573 542 2616 runt,
576 2573 624 2607 at
646 2572 754 2622 quae
783 2555 889 2603 dein
922 2554 1102 2617 accipit,
1137 2570 1195 2601 ex
1230 2554 1353 2601 bono
1383 2552 1532 2602 vitam
1564 2554 1747 2603 habent.
1814 2555 1935 2601 Cum
1961 2554 2103 2602 homo
2124 2556 2180 2602 ad
2207 2557 2378 2606 bonum

415 2645 496 2695 per
525 2639 685 2672 verum
719 2631 917 2676 venerat,
952 2632 1058 2668 tunc
1081 2619 1145 2667 est
1167 2619 1313 2676 Israel,
1347 2620 1398 2668 &
1423 2634 1601 2675 verum,
1634 2620 1763 2684 quod
1794 2626 1899 2667 tu'nc
1921 2635 1980 2667 ex
2003 2620 2142 2676 bono,
2178 2621 2265 2668 hoc
2292 2621 2377 2680 est,

417 2711 498 2760 per
521 2693 694 2738 bonum
711 2702 736 2733 a
754 2687 965 2735 Domino
981 2685 1159 2748 accipit,
1192 2685 1257 2732 est
1274 2700 1430 2732 verum
1449 2700 1641 2744 novum,
1676 2685 1803 2748 quod
1821 2684 2159 2746 repraesentatur
2175 2701 2252 2749 per
2267 2687 2382 2734 Ben-

411 2759 655 2826 jaminem,
689 2751 906 2816 quamdiu
930 2752 965 2797 is
986 2762 1079 2799 erat
1101 2750 1220 2814 apud
1246 2762 1419 2814 patrem
1450 2749 1598 2799 suum.
1667 2751 1753 2797 Per
1775 2750 1863 2797 hoc
1884 2765 2041 2798 verum
2078 2750 2316 2800 fruetificat
2338 2753 2382 2802 se

414 2830 592 2876 bonum
617 2820 663 2866 in
687 2817 890 2871 naturali,
933 2819 982 2865 &
1014 2816 1218 2880 producit
1249 2831 1372 2872 vera,
1409 2816 1455 2863 in
1479 2817 1642 2880 quibus
1681 2816 1873 2871 bonum,
1908 2816 2284 2872 innumerabilia;
2320 2818 2384 2867 ita

413 2896 704 2953 regeneratur
726 2881 942 2936 naturale,
965 2881 1015 2928 &
1031 2883 1085 2930 fit
1102 2897 1181 2945 per
1200 2881 1591 2930 fructificationem
1610 2880 1813 2944 primurn
1833 2880 1940 2927 ficut
1955 2881 2086 2928 arbor
2100 2895 2207 2929 cum
2226 2881 2384 2931 fructi·

419 2959 504 3007 bus
528 2952 674 3007 bonis,
709 2950 759 2997 ὅτ.
781 2947 1014 2995 successive
1037 2949 1148 2998 ficut
1172 2947 1344 2996 hortus,
1413 2946 1489 2995 Ex
1511 2946 1580 2995 his
1603 2958 1745 3011 patet,
1779 2945 1892 3010 quid
1915 2944 2184 3009 intelligitur
2205 2963 2285 3011 per
2306 2965 2386 2998 ve·

420 3038 526 3071 mm
550 3030 727 3064 novum
749 3029 806 3061 ex
830 3013 952 3060 bono
970 3011 1202 3076 spirituali.
1328 3013 1333 3018 ”
2372 3066 2373 3069 ¹

493 3088 635 3148 5805.
673 3080 736 3128 Et
760 3077 892 3126 frater
912 3076 1007 3138 ejus
1033 3091 1254 3133 mortum,
1291 3077 1419 3144 quod
1447 3076 1671 3142 significet
1691 3076 1818 3139 quod
1841 3076 2017 3124 bonum
2040 3075 2271 3128 internum
2293 3095 2388 3129 non

424 3154 495 3213 rit,
526 3145 699 3199 constat
721 3160 780 3195 ex
802 3142 1191 3210 repraesentatione
1211 3142 1430 3208 josephi,
1469 3143 1594 3207 quod
1626 3142 1679 3192 fit
1705 3140 1885 3193 coeleste
1918 3140 2175 3208 spiritualia,
2208 3144 2267 3192 de
2297 3161 2390 3211 qua

2155 3225 2214 3260 n:
2238 3225 2385 3276 4592.
