2566 3640
303 247 431 335 348
654 228 1900 311 GENESIS.

365 375 511 438 6109.
547 370 613 419 Et
636 370 762 435 panis
785 370 937 418 nullus
985 368 1031 417 in
1063 368 1194 416 omni
1217 378 1350 426 terra,
1385 365 1514 432 quod
1551 366 1776 430 fignificet
1816 366 1942 432 quod
1980 365 2157 419 bonum
2191 370 2287 419 non‘

299 441 512 506 apparuit
535 437 750 499 ampliuS,
784 435 959 485 constat
985 450 1046 482 ex
1069 434 1398 498 significatione
1421 432 1566 497 panis,
1598 434 1731 497 'quod
1757 433 1812 482 fit
1833 436 2010 484 bonum
2034 438 2202 486 amoris
2232 437 2287 486 &

308 506 557 562 charitatiS,
596 505 653 552 de
676 520 770 568 qua
792 518 905 552 mox
926 500 1054 565 supra
1077 518 1138 548 n:
1164 501 1297 550 6106
1317 520 1332 556 ;
1367 501 1419 548 ὅτ
1439 515 1498 547 ex
1522 498 1847 562 significatione
1881 501 2010 568 quod
2050 504 2200 552 nullus
2239 503 2288 552 in

307 575 441 621 omni
462 587 590 627 terra,
609 570 735 635 quod
752 569 807 618 fit
825 567 951 634 quod
971 583 1063 615 non
1081 568 1293 631 apparuit
1310 566 1522 631 amplius.
1548 562 1724 627 A'gitur
1740 564 1784 613 in
1802 581 1921 616 nunc
1937 567 2222 632 sequentibus
2235 569 2294 618 de

304 639 496 687 Coelesti
518 638 719 693 interno,
739 635 880 700 'quod
899 634 1056 682 omnia
1078 635 1124 681 in
1151 634 1341 681 naturali
1366 635 1413 680 in
1432 631 1640 680 ordinem
1665 633 1894 699 redegerit
1917 633 1996 682 sub
2019 633 2286 695 commune,

244 704 246 706 ’
308 708 371 754 ob
395 707 532 752 finem
559 716 609 750 ut
632 701 892 766 conjunffio
917 701 1043 748 fieret
1067 700 1419 748 scientificorum
1459 713 1566 746 cum
1589 699 1707 745 veris
1734 698 1970 757 Ecclefiae‚
2005 701 2057 749 δε
2080 720 2159 767 per
2184 720 2289 752 vera

310 772 510 818 illi'cum
536 770 660 816 bono
702 768 936 833 spirituali,
973 783 1145 831 perque
1166 767 1346 815 bonum
1387 766 1476 814 hoc
1499 780 1607 812 cum
1633 765 1820 813 Coelesti
1846 765 2060 814 Interno:
2097 769 2158 815 ast
2181 772 2288 835 quia

306 839 509 901 redigere
534 836 580 882 in
605 835 813 882 ordinem
839 833 1080 882 scientifica
1104 833 1184 881 sub
1221 848 1492 890 commune,
1530 846 1621 879 non
1662 832 1790 879 aliter
1828 832 1926 880 fieri
1961 833 2111 895 potest
2150 851 2293 899 quam

306 921 388 966 per
421 902 688 950 vastationes
713 901 820 948 boni
844 902 895 949 δε
918 899 1216 947 desolationes
1241 898 1353 956 veri,
1390 900 1440 947 &
1466 913 1576 946 mox
1601 912 1681 962 per
1715 897 2073 956 sustentationes,
2110 899 2216 950 ideo
2233 905 2290 951 de
2320 957 2322 959 .

308 971 378 1016 his
413 972 460 1017 δε
502 968 590 1016 inis
639 970 684 1015 in
723 983 845 1014 nunc
892 967 1174 1030 sequentibus
1211 966 1257 1013 in
1299 965 1424 1013 sensu
1472 966 1654 1012 interno
1697 965 1880 1028 agitur:
1936 963 2011 1013 sed
2058 966 2159 1015 haec
2193 985 2293 1017 raro

309 1039 428 1085 fiunt
461 1034 583 1099 apud
618 1034 859 1081 hominem
900 1033 1013 1079 dum
1054 1034 1100 1079 in
1137 1032 1314 1087 mundo
1359 1033 1496 1087 vivit,
1547 1030 1610 1078 ob
1644 1030 1793 1095 plures
1833 1030 1978 1079 causas
1999 1052 2014 1087 ς
2066 1034 2113 1080 in
2146 1035 2295 1091 ,altera

305 1116 464 1150 autem
503 1102 595 1148 vita
629 1101 747 1147 fiunt
784 1098 904 1163 apud
949 1113 1110 1146 omnes
1145 1098 1224 1163 qui
1266 1109 1588 1161 regenerantur
1608 1118 1622 1151 ;
1673 1097 1723 1144 &
1763 1098 1872 1161 quia
1913 1096 2014 1144 haec
2048 1114 2140 1147 non
2173 1102 2294 1150 fiunt

311 1168 433 1232 apud
475 1166 712 1214 hominem
753 1166 799 1213 in
837 1164 1034 1221 mundo,
1072 1180 1164 1211 non
1189 1164 1362 1212 mirum
1386 1163 1466 1220 est,
1503 1164 1536 1211 fi
1561 1163 1659 1211 haec
1680 1174 1929 1227 appareant
1960 1164 2002 1211 ei
2035 1177 2087 1213 ut
2121 1166 2296 1231 ignota,

311 1252 361 1283 ac
384 1235 632 1280 obveniant
657 1245 707 1279 ut
730 1247 885 1279 arcana
909 1231 966 1277 de
991 1230 1162 1296 quibus
1186 1245 1278 1279 non
1302 1229 1426 1295 prius
1449 1229 1679 1277 auditum.
2011 1246 2015 1247 ⁷

368 1301 526 1354 6110.
565 1298 688 1358 Quia
721 1297 875 1362 gravis
899 1297 1043 1344 fames
1066 1296 1217 1354 valde,
1253 1297 1381 1361 quod
1408 1295 1630 1362 significet
1652 1294 2000 1354 desolationem,
2035 1297 2210 1349 constat
2242 1316 2302 1352 ex

316 1366 649 1431 significatione
665 1363 816 1421 famis,
851 1362 977 1428 quod
997 1363 1050 1412 fit
1066 1362 1397 1411 defectusboni
1421 1363 1471 1411 &
1486 1361 1842 1424 cogitationum,
1875 1362 1934 1409 de
1956 1379 2048 1428 qua
2066 1381 2124 1414 n:
2157 1370 2300 1429 1460.

312 1434 460 1497 3364.
486 1445 632 1497 5277.
656 1446 802 1495 5279.
830 1433 975 1492 5281.
1002 1445 1148 1493 5300.
1176 1445 1320 1495 5579.
1352 1433 1499 1493 5893,
1535 1428 1596 1477 ita
1614 1428 1767 1492 gravis
1788 1428 1931 1478 fames
1954 1431 2104 1489 valde,
2136 1433 2198 1481 est
2222 1434 2308 1483 de.

312 1501 489 1555 solatio,
510 1514 539 1545 n
561 1516 572 1545 ε
601 1498 746 1561 5360.
769 1496 915 1560 5376.
938 1511 1084 1558 5415.
1107 1499 1252 1559 5576.
1322 1495 1468 1560 Qod
1485 1494 1811 1543 desolationem
1830 1497 2014 1555 attinet,
2045 1497 2303 1559 sciendum,

315 1565 445 1631 quod
471 1580 575 1611 vera
598 1566 647 1612 δε
672 1565 809 1618 bona,
843 1564 896 1611 δε
917 1578 1082 1610 eorum
1106 1561 1389 1626 cognitiones
1414 1561 1580 1609 faciant
1613 1560 1758 1610 vitam
1799 1561 2074 1625 spiritualem
2115 1566 2299 1616 illorum

317 1634 401 1697 qni
436 1632 481 1679 in
501 1631 623 1680 coelo
648 1628 765 1685 sunt,
791 1629 893 1677 sunt
910 1628 984 1676 illa
999 1628 1088 1675 cibi
1112 1626 1316 1676 coelestes
1340 1628 1390 1675 ὅτ
1413 1627 1677 1690 spirituales,
1711 1626 1881 1691 quibus
1905 1630 2200 1690 nutriuntur;
2236 1635 2305 1681 illi

314 1700 408 1746 cibi
433 1697 596 1744 dantur
621 1695 706 1744 illis
727 1694 938 1761 quotidie
960 1710 985 1742 a
1005 1695 1216 1742 Domino
1236 1713 1251 1748 3
1287 1708 1397 1741 cum
1422 1693 1511 1743 illis
1535 1692 1599 1739 est
1623 1708 1772 1751 mane,
1810 1693 2200 1747 subministrantur
2218 1699 2303 1748 bo-

316 1781 393 1822 na,
430 1779 539 1812 cum
557 1761 768 1810 meridies
791 1759 1186 1809 subministrantur
1201 1775 1324 1816 vera,
1359 1771 1407 1808 at
1423 1774 1532 1807 cum
1551 1757 1733 1823 vespera
1752 1770 1860 1807 tunc
1876 1760 2113 1820 deficiunt,
2146 1765 2197 1814 &
2214 1765 2305 1817 hoe

322 1832 467 1896 usque
492 1829 548 1876 ad
571 1828 829 1876 diluculum
852 1827 903 1876 ὅτ
939 1826 1000 1874 ad
1023 1842 1154 1873 mane
1178 1826 1378 1880 iterum3
1415 1836 1625 1875 tenentur
1648 1837 1758 1874 tunc
1781 1824 1829 1873 in
1860 1827 2158 1892 appetitione,
2193 1848 2306 1898 quae

320 1898 421 1949 talis
453 1896 536 1952 est,
586 1896 637 1943 &
660 1892 914 1942 desiderent
935 1893 1014 1941 illa
1037 1891 1282 1957 plusquam
1307 1891 1506 1940 famelici
1535 1891 1693 1940 cibum
1711 1891 1759 1940 in
1781 1904 1932 1949 terra3
1967 1894 2041 1942 hic
2060 1895 2194 1947 status
2213 1899 2304 1961 fig-

321 1963 531 2012 nificatur
553 1977 632 2025 per
651 1960 836 2016 famem,
872 1960 923 2009 ὅτ
944 1959 1009 2007 est
1035 1958 1199 2023 species
1221 1957 1526 2017 desolationiS,
1562 1957 1635 2007 sed
1668 1973 1764 2007 non
1798 1959 1899 2008 talis
1921 1962 2069 2024 qualis
2091 1962 2156 2011 est
2178 1966 2306 2028 apud

323 2031 427 2079 illos
450 2028 532 2093 qui
556 2029 602 2074 in
620 2039 737 2075 terra
759 2024 972 2074 inferiore
991 2024 1110 2083 sunt,
1145 2041 1175 2072 n
1192 2042 1208 2072 .·
1227 2025 1338 2089 698.
1360 2024 1474 2090 699.
1505 2043 1522 2074 1
1538 2024 1631 2075 106
1653 2023 1711 2072 ad
1736 2043 1752 2074 1
1768 2042 1876 2090 113.
1948 2028 2096 2094 Qod
2115 2029 2302 2080 Coelum

325 2095 610 2158 Angelieum
632 2095 681 2142 in
706 2104 884 2141 tanturn
906 2103 1092 2157 appetat
1110 2107 1217 2140 vera
1240 2092 1291 2139 &
1315 2091 1454 2147 bona,
1491 2105 1545 2140 ac
1575 2090 1865 2154 cognitiones
1895 2107 2075 2153 eorum,
2109 2095 2196 2145 vix
2227 2100 2310 2148 ali-

323 2164 428 2228 quis
442 2161 489 2209 in
505 2159 683 2208 mundo
701 2158 852 2225 potest
868 2159 1048 2207 credere
1065 2178 1082 2214 ς
1106 2157 1188 2223 qui
1205 2158 1332 2206 enim
1346 2156 1458 2207 nihil
1473 2157 1600 2206 aliud
1614 2157 1793 2206 student
1808 2174 1950 2224 quam
1966 2159 2117 2221 lucriS,
2133 2179 2184 2211 ac
2202 2167 2306 2226 glo-

326 2230 427 2287 riae,
446 2227 497 2275 &
521 2226 761 2290 indulgent
777 2224 1100 2290 voluptatibuS,
1119 2224 1323 2274 miraturi
1339 2224 1467 2289 quod
1488 2223 1593 2273 talia
1614 2223 1701 2273 smt
1723 2224 1835 2274 vitae
1855 2225 2027 2290 angelis
2049 2229 2101 2277 ὅτ
2124 2229 2311 2291 dicturi,

326 2295 444 2362 quid
464 2292 581 2354 mihi
603 2291 891 2357 cognitiones
911 2292 1023 2341 boni
1045 2291 1098 2340 δε
1113 2290 1227 2344 veri,
1260 2290 1375 2355 quid
1391 2290 1506 2340 vitae
1535 2305 1596 2339 ex
1617 2289 1742 2338 illis?
1787 2308 1897 2356 quae
1927 2288 2041 2343 dant
2058 2297 2219 2356 vitam,
2256 2301 2308 2350 δε

327 2363 442 2410 vitae
463 2358 734 2421 iucundum,
768 2358 871 2406 sunt
910 2357 1111 2415 divitiae,
1145 2357 1357 2415 honora,
1395 2358 1446 2407 δε
1475 2357 1770 2421 voluptates3
1803 2370 1851 2407 at
1881 2358 2032 2419 sciant,
2066 2364 2195 2427 quod
2218 2366 2314 2416 vita

329 2445 390 2477 ex
423 2427 493 2475 his
514 2425 568 2476 fit
584 2426 680 2474 vita
702 2424 920 2488 corporiS,
945 2439 1037 2473 non
1059 2422 1155 2472 vita
1171 2423 1358 2482 animae,
1383 2425 1434 2473 δε
1451 2423 1581 2488 quod
1598 2422 1674 2471 illa
1691 2424 1786 2471 vita
1800 2438 1909 2473 cum
1927 2441 2117 2492 corpore
2139 2446 2329 2494 pereat,

332 2496 436 2543 haec
458 2504 614 2541 autem
639 2502 822 2540 maneat
845 2490 891 2538 in
914 2502 1171 2545 aeternum;
1207 2491 1259 2540 δε
1281 2490 1412 2555 quod
1434 2489 1515 2538 fibi
1550 2489 1669 2546 male
1706 2490 1964 2551 consulant,
1996 2496 2078 2560 qui
2102 2498 2218 2546 nihil
2251 2499 2315 2549 de

332 2562 431 2616 vita
454 2558 670 2623 spirituali
693 2558 742 2617 in
765 2557 944 2606 mundo
965 2558 1190 2621 cogitant.
1259 2556 1408 2619 Quod
1427 2571 1568 2623 porro
1584 2555 1913 2607 desolationem
1935 2563 2118 2621 attinet,
2151 2563 2218 2612 est
2239 2563 2315 2613 illa

335 2637 527 2694 propter
549 2623 900 2690 appetitionem,
937 2624 1057 2673 bona
1078 2624 1203 2671 enim
1220 2623 1272 2672 ὅτ,
1289 2638 1396 2672 vera
1411 2623 1699 2689 recipiuntur
1719 2622 1965 2676 secundum
1985 2626 2129 2688 illam,
2165 2629 2216 2678 &
2237 2628 2315 2680 de-

335 2693 495 2743 fideria
517 2706 626 2757 quae
649 2706 708 2740 ex
730 2689 1032 2755 appetitione,
1067 2705 1175 2738 cum
1213 2689 1493 2748 obtinentur,
1526 2688 1699 2739 faciunt
1720 2689 1919 2743 faustum
1954 2693 2007 2743 &
2028 2693 2169 2750 felix;
2203 2712 2316 2761 qua-

341 2770 530 2825 propter
553 2758 599 2805 in
621 2757 762 2806 altera
783 2756 893 2815 vita,
929 2758 1011 2821 qui
1036 2755 1082 2804 in
1104 2755 1379 2805 desolatione
1403 2756 1522 2815 sunt,
1558 2771 1672 2807 mox
1693 2755 1800 2806 dein
1825 2772 2092 2819 recreantur,
2125 2761 2177 2809 &
2199 2763 2315 2812 defi-

335 2827 477 2875 vderiis
501 2825 775 2888 potiuntur;
810 2838 891 2887 per
914 2823 1021 2872 tales
1049 2823 1170 2870 vices
1194 2823 1494 2886 perficiuntur
1530 2837 1707 2872 omnes.
1783 2824 1929 2892 Qod
1951 2825 2188 2875 observatu
2210 2827 2319 2892 dig-

343 2908 454 2940 num
479 2890 562 2946 est,
593 2889 720 2954 quod
743 2889 864 2937 vices
885 2888 976 2939 diei
1007 2888 1258 2937 inmundo
1281 2890 1489 2948 naturali,
1511 2903 1680 2952 nempe
1698 2905 1845 2947 mane,
1871 2891 2099 2950 meridies,
2116 2893 2320 2960 vespera,

343 2974 457 3015 nox,
494 2958 544 3004 ὅτ
568 2955 714 3004 rursus
735 2970 884 3012 mane,
921 2953 1100 3019 prorsus
1122 2954 1445 3018 repraesentent
1466 2956 1587 3005 vices
1619 2955 1666 3003 in
1701 2957 1879 3006 mundo
1897 2955 2133 3023 spirituali,
2169 2960 2318 3013 solum

336 3042 448 3074 cum
472 3038 524 3069 ea
540 3021 813 3080 differentia,
835 3021 967 3089 quod
990 3021 1107 3072 vices
1124 3020 1290 3073 mundi
1312 3021 1557 3086 ,spiritualis
1580 3021 1771 3073 influant
1795 3021 1839 3069 in
1861 3022 2140 3074 intelleetum
2166 3027 2213 3079 δε
2234 3045 2320 3079 vo.

340 3095 585 3144 luntatem,
620 3089 669 3136 δε
695 3088 844 3136 sistant
867 3087 945 3136 illa
965 3102 1073 3151 quae
1097 3087 1198 3134 sunt
1220 3087 1365 3142 vitae;
1400 3089 1521 3139 vices
1556 3100 1715 3138 autern
1740 3088 1786 3135 in
1822 3087 2001 3138 mundo
2038 3094 2236 3145 naturali*
2251 3090 2320 3145 in-

339 3160 490 3208 fluunt
514 3155 559 3200 in
583 3153 658 3200 illa
680 3169 787 3218 quae
808 3153 1008 3217 corporis
1031 3152 1150 3209 sunt,
1174 3153 1225 3201 δε
1251 3153 1494 3203 sustentant
1515 3154 1619 3212 illa,:
1657 3153 1781 3218 quod
1801 3153 1949 3202 adhuc
1965 3155 2152 3221 dignius
2167 3159 2320 3209 obsera

337 3238 448 3278 vatu
483 3219 563 3279 est,
598 3219 725 3283 quod
750 3220 931 3270 umbrae
968 3218 1171 3285 vesperae
1207 3218 1259 3288 ὃς
1282 3220 1477 3273 tenebrae
1499 3219 1646 3272 noctis
1683 3235 1776 3271 non
1799 3234 1858 3270 ex
1881 3219 2090 3277 Domino
2111 3227 2317 3282 veniant,

2244 3294 2319 3342 sed

1909 3398 1921 3425 i
