2566 3640
436 175 1628 286 CAPUT-'QUADRAGFSIMUM
1673 195 2072 271 NONUM.
2131 199 2264 289 481

289 323 528 376 Abraham
551 343 659 376 cum
681 343 794 393 agro
816 344 874 376 ex
896 327 1119 391 Ephrone
1142 326 1362 385 Chittaeo‚
1415 327 1637 391 fignificat
1671 326 2002 376 redemtionem
2022 343 2034 373 ι
2081 328 2140 375 ad
2163 327 2269 391 pos-

286 389 516 443 seffionem
543 393 782 458 sepulchri,
818 394 1041 458 fignificat
1064 397 1451 458 regenerationem
1472 411 1484 441 :
1524 394 1587 441 ibi
1612 394 1911 459 sepeliverunt
1936 394 2264 443 Abrahamum

283 462 337 510 &
354 462 510 509 Saram
536 475 733 508 uxorem
758 459 868 524 ejus,
890 460 952 508 ibi
969 460 1272 525 sepeliverunt
1291 460 1560 522 Jischakum
1579 462 1630 509 δε
1656 460 1909 508 Rebeccam
1929 475 2121 508 uxorem
2147 457 2260 523 ejus,

284 529 338 576 δε
361 526 424 576 ibi
450 526 634 589 sepelivi
658 527 824 584 Leam‚
861 527 1086 588 fignificat
1107 527 1232 591 quod
1257 528 1414 575 omnia
1438 527 1647 575 interiora
1670 526 1829 574 ordine
1854 525 1899 573 in
1923 526 2049 575 bono
2072 527 2123 575 &
2147 542 2264 575 vero

283 596 332 642 in
350 591 537 640 naturali
558 609 569 638 ε
604 593 749 640 emtio
770 594 870 657 agri
893 595 944 642 ὅτ
966 592 1191 657 speluncae
1212 610 1319 657 quae
1342 596 1386 639 in
1413 593 1495 640 illo
1517 608 1580 657 ex?
1599 593 1703 641 filiis
1725 593 1910 648 Chethi,
1947 593 2167 654 fignificat
2190 609 2261 639 re-

279 659 566 708 demtionem
590 658 772 707 illorum
795 660 878 724 qui
901 659 1123 723 recipiunt
1144 675 1327 716 verum,
1364 660 1414 707 δε
1437 674 1520 723 per
1542 674 1705 707 verum
1730 660 1935 707 bonum:
1988 659 2040 708 ὅτ
2062 658 2266 708 absolvit

278 725 426 787 Jacob
448 724 503 771 ad
530 724 892 789 praecipiendum
918 725 1024 773 filiis
1047 724 1150 782 suis,
1186 725 1410 787 fignificat
1433 723 1744 773 insinuationis
1767 724 1982 772 effectum
2002 744 2014 774 ε
2051 727 2101 774 &
2124 727 2264 774 colle-

277 793 350 855 git
369 790 503 854 pedes
530 790 626 838 suos
643 791 698 838 ad
723 791 910 847 lectum,
944 788 1340 855 fignificat‘quoad
1359 789 1567 838 inferiora
1587 790 1663 839 sua
1683 791 1727 837 in
1744 792 1910 854 quibus
1933 792 2159 847 interiora,
2201 792 2261 840 ad

279 858 458 905 bonum
483 858 533 905 δε
556 873 716 904 verum
740 857 948 905 naturalis
971 854 1223 905 inferioris:
1279 857 1329 903 &
1362 856 1626 920 exspiravit,
1681 856 1903 918 fignificat
1926 873 2091 904 novam
2115 857 2262 907 vitam

281 923 377 972 ibi:
413 925 463 971 δε
485 921 702 970 collectus
718 922 775 970 ad
794 923 990 988 populos
1009 922 1126 981 suos,
1162 922 1387 985 fignificat
1409 922 1535 987 quod
1570 922 1679 970 effet
1711 924 1758 969 in
1788 924 1921 971 bonis
1941 924 1991 971 ὅτ,
2019 924 2138 972 veris
2178 940 2262 972 na-

284 988 439 1038 turalis
460 1003 568 1051 quae
589 1004 614 1035 a
638 987 694 1036 se.

343 1055 489 1117 6450.
525 1053 590 1101 Et
619 1052 835 1118 praecepit
857 1051 961 1111 illis,
997 1056 1047 1104 ὅτ
1070 1054 1188 1104 dixit
1216 1054 1272 1102 ad
1309 1055 1425 1113 illos,
1477 1055 1605 1120 quod
1640 1055 1866 1118 fignificet
1896 1054 2267 1113 insinuationem,

281 1120 452 1168 constat
484 1136 542 1167 ex
561 1120 648 1168 illis
679 1137 787 1185 quae
820 1119 1083 1184 sequuntur,
1134 1121 1215 1169 ubi
1241 1121 1374 1169 Israel
1402 1123 1460 1168 de
1481 1122 1737 1186 sepeliendo
1769 1122 1811 1168 se
1840 1123 1885 1169 in
1919 1122 2131 1185 spelunca
2163 1128 2263 1185 agri

276 1186 578 1248 Machpelah,
626 1187 706 1234 ubi
731 1187 967 1234 Abraham
994 1189 1043 1236 δι
1068 1187 1254 1248 Jischak
1285 1187 1464 1251 sepulti,
1511 1188 1567 1235 ad
1607 1189 1726 1237 filios
1767 1188 1866 1235 suos
1910 1189 2130 1252 loquitur,
2178 1206 2266 1253 per

281 1269 390 1317 quae
414 1252 693 1315 significatur
714 1251 807 1300 vita
832 1252 878 1300 in
898 1255 1014 1301 veris
1039 1254 1087 1302 ὅτ
1113 1253 1243 1301 bonis
1266 1255 1479 1302 naturalis
1503 1254 1580 1302 ubi
1605 1255 1812 1302 interiora
1837 1255 1887 1301 &
1909 1256 2125 1302 intimum
2149 1277 2163 1309 ·,
2210 1257 2264 1304 δε

280 1320 390 1384 quia
413 1319 470 1367 de
491 1319 560 1367 his
583 1320 630 1366 in
655 1334 773 1366 nunc
795 1319 1085 1384 sequentibus
1107 1320 1276 1382 agitur,
1323 1320 1428 1367 ideo
1452 1337 1532 1385 per
1557 1320 1799 1384 praecipere
1823 1321 1930 1367 filiis
1955 1322 2003 1368 &
2028 1322 2176 1368 dicere
2203 1323 2263 1370 ad

281 1386 380 1433 illos
403 1385 676 1447 significatur
711 1385 949 1434 insinuatio
976 1387 1022 1433 in
1059 1386 1131 1434 illa
1152 1408 1167 1441 ·,
1217 1387 1342 1451 quod
1365 1403 1447 1450 per
1471 1389 1718 1452 praecipere
1742 1387 2020 1450 significetur
2043 1388 2267 1446 influxu8‚

281 1452 491 1500 videatur
511 1469 562 1499 n:
589 1451 734 1513 5486.
761 1467 911 1515 5732,
948 1453 1010 1500 ita
1035 1453 1290 1501 insinuatio.
2147 1497 2150 1500 ,

350 1519 496 1580 6451.
532 1517 640 1580 Ego
656 1517 852 1581 colligor
867 1518 921 1565 ad
941 1519 1171 1583 populum
1199 1534 1375 1575 meum,
1411 1520 1536 1583 quod
1557 1519 1782 1583 fignificet
1799 1520 1926 1585 quod
1950 1520 2037 1567 erit
2061 1519 2104 1567 in
2129 1520 2269 1569 bonis

280 1586 332 1633 &
365 1587 483 1632 veris
515 1583 724 1632 naturalis
747 1600 852 1647 quae
875 1586 932 1632 ab
956 1584 1052 1641 illo,
1106 1585 1281 1633 constat
1302 1601 1359 1632 ex
1382 1587 1777 1650 repraesentatione
1802 1588 2001 1635 filiorum
2026 1586 2188 1634 Israelis
2210 1604 2262 1635 ac

280 1651 518 1698 Tribuum
536 1650 593 1697 ab
616 1649 704 1697 illis
723 1649 1080 1708 nominatarum,
1117 1668 1225 1715 quae
1248 1651 1321 1699 hic
1340 1652 1439 1700 sunt
1458 1653 1652 1716 populus
1674 1651 1782 1717 ejus,
1817 1653 1944 1717 quod
1970 1652 2052 1700 sint
2077 1654 2194 1701 bona
2211 1655 2269 1702 &c

278 1721 384 1764 vera
419 1719 465 1765 in
501 1716 715 1773 naturali,
764 1715 821 1762 de
852 1732 943 1778 qua
977 1734 1035 1764 n:
1073 1721 1218 1779 3858.
1246 1719 1390 1781 3926.
1421 1735 1564 1783 3939.
1594 1736 1741 1780 54¹4-
1767 1722 1913 1782 5879.
1942 1736 2086 1783 595¹·
2114 1721 2267 1783 6335-

284 1785 342 1846 63
354 1798 432 1846 37,
467 1798 573 1846 quae
595 1783 721 1845 quod
749 1781 832 1830 fint
855 1785 912 1830 ab
937 1782 1034 1840 illo,
1072 1797 1192 1847 patet
1214 1803 1230 1837 ·,
1267 1785 1317 1830 ὅτ
1341 1801 1399 1831 ex
1422 1785 1749 1846 significatione
1773 1785 1912 1847 coll'gi
1935 1788 1990 1833 ad
2018 1786 2151 1832 illum
2178 1801 2267 1848 po-

281 1852 466 1913 pulum,
517 1850 642 1913 quod
670 1848 723 1895 fit
746 1848 831 1895 effe
856 1848 901 1894 in
927 1849 1028 1896 illis.
1125 1851 1247 1909 Qiia
1273 1849 1343 1897 hic
1368 1853 1418 1898 δε
1442 1851 1487 1898 in
1514 1851 1802 1915 sequentibus
1825 1852 1982 1911 agitur
2001 1851 2060 1897 de
2084 1853 2263 1900 Collec-

284 1915 409 1963 tione
428 1914 502 1962 seu
525 1914 757 1962 existentia
778 1914 885 1961 boni
911 1914 1163 1977 spiritualis,
1178 1916 1303 1981 quod
1318 1915 1466 1974 Israel,
1487 1916 1531 1963 in
1549 1919 1679 1965 bonis
1695 1917 1744 1964 δε
1762 1917 1876 1965 veris
1900 1917 2124 1973 naturalis,
2149 1934 2270 1982 quaer

282 1981 382 2030 sunt
406 1981 488 2029 filii
523 1979 617 2044 ejus
652 1980 726 2028 seu
753 1980 926 2029 Tribus
949 1984 1004 2028 ab
1029 1982 1113 2029 illis
1137 1983 1398 2036 nominatae,
1452 1983 1695 2030 dicendum
1721 1983 1957 2049 quomodo
1982 1984 2069 2030 hoc
2092 1984 2263 2033 intel-li·

278 2048 487 2110 gendum
509 2067 522 2101 ς
559 2047 620 2095 est
646 2046 876 2102 intimum,
926 2048 1027 2094 funt
1052 2049 1260 2095 interiora
1282 2050 1359 2095 sub
1379 2050 1560 2107 intime,
1598 2051 1646 2097 ὅτ
1671 2050 1771 2097 sunt
1795 2049 2012 2097 exteriora
2038 2050 2081 2096 in
2108 2051 2269 2098 homi-

280 2131 337 2161 ne
358 2136 372 2168 3
408 2114 562 2161 omnia
584 2113 654 2160 illa
675 2113 788 2159 inter
808 2113 849 2159 sc
867 2114 1139 2161 exaffiffime
1161 2114 1367 2162 distincta
1388 2117 1504 2170 sunt,
1543 2117 1788 2163 succedunt
1811 2117 1988 2172 ordine,
2028 2116 2087 2163 ita
2109 2117 2169 2164 ab
2194 2118 2263 2164 im

281 2180 398 2228 timo
415 2180 558 2244 usque
581 2179 636 2226 ad
653 2178 881 2227 extimum
904 2201 917 2234 ·,
955 2179 1201 2228 secundum
1226 2182 1451 2234 ordinem,
1490 2183 1535 2228 in
1554 2198 1650 2246 quo
1669 2182 1928 2238 succedunt,
1963 2183 2102 2231 etiam
2123 2183 2260 2231 infim-

278 2259 395 2302 unt3
431 2246 536 2293 inde
559 2245 638 2302 est,
674 2247 798 2309 quod
825 2246 919 2292 vita
959 2247 1116 2294 influat
1139 2264 1219 2311 per
1258 2244 1474 2295 intimum
1502 2249 1547 2295 in
1588 2248 1812 2304 interiora,
1848 2250 1897 2296 &
1922 2264 2002 2312 per
2045 2250 2264 2308 interiora·

278 2313 324 2360 in
350 2312 588 2369 exteriora,
644 2312 703 2369 ita
729 2312 973 2360 secundum
998 2313 1208 2360 ordinem
1235 2313 1278 2360 in
1303 2330 1397 2377 quo
1422 2314 1676 2370 succedunt,
1723 2317 1772 2363 &
1796 2316 1920 2377 quod
1946 2331 2034 2362 non
2057 2315 2263 2380 quiescat

278 2394 421 2442 quam
446 2378 490 2425 in
515 2379 682 2426 ultimo
700 2378 886 2434 ordinis,
922 2379 999 2426 ubi
1027 2379 1219 2434 {istitur3
1255 2381 1304 2428 &
1327 2381 1435 2445 quia
1455 2381 1666 2427 interiora
1692 2381 1890 2428 influunt
1913 2382 2159 2430 secundum
2184 2399 2260 2430 or·

280 2447 437 2492 dinem
464 2444 606 2510 usque
628 2444 686 2491 ad
711 2444 950 2502 ultimum,
990 2446 1039 2492 &
1063 2446 1123 2492 ibi
1152 2446 1371 2502 sistantur,
1407 2460 1530 2510 patet
1553 2447 1680 2510 quod
1709 2448 1918 2494 interiora
1943 2448 1987 2493 in
2012 2448 2263 2495 ultimo-fit.

281 2511 380 2558 mul
404 2511 506 2566 sint,
543 2510 615 2558 sed
642 2511 686 2557 in
712 2510 799 2558 boe
822 2512 1000 2568 ordine,
1038 2512 1270 2567 intimum,
1310 2514 1437 2576 quod·
1461 2513 1660 2568 influxit,
1698 2513 1758 2560 ibi
1783 2527 1985 2561 centrum
2011 2526 2150 2571 tenet,
2187 2517 2262 2562 in·-

279 2578 440 2624 teriora
465 2592 570 2639 quae
593 2577 671 2624 sub
693 2577 874 2633 intimo,
898 2578 1104 2625 circuunt
1127 2592 1349 2634 centrum,
1377 2579 1426 2625 &
1445 2579 1663 2625 exteriora
1685 2578 1854 2627 faciunt
1877 2579 2169 2643 peripheriaS,
2202 2582 2257 2630 &

281 2644 370 2690 hoc
395 2657 484 2688 non
510 2642 653 2690 modo
679 2642 723 2689 in
746 2643 1001 2699 communi,
1026 2644 1099 2690 sed
1126 2646 1263 2691 etiarn
1280 2644 1323 2689 in
1342 2644 1660 2706 singularib1133
1697 2645 1819 2707 prior
1836 2646 1953 2692 ordo
1968 2658 2158 2693 vocatur
2180 2663 2255 2694 or-

280 2710 345 2757 do
370 2710 646 2764 successivus,
671 2708 745 2755 hic
767 2723 922 2757 autem
946 2710 1252 2766 fimultaneus,
1279 2711 1328 2758 δε
1349 2713 1492 2757 oritur
1516 2710 1587 2757 hic
1607 2712 1664 2757 ab
1688 2711 1783 2767 ill'o,
1808 2727 1913 2759 nam
1938 2727 2075 2758 omne
2100 2705 2287 2772 fimdss'-

279 2791 466 2824 taneum
490 2774 631 2822 oritur
654 2790 679 2819 a
694 2774 945 2832 successivo,
982 2777 1031 2823 ὅτ
1047 2792 1155 2823 cum
1173 2776 1389 2832 ortusest,
1426 2776 1575 2823 existit
1591 2777 1702 2823 talis.
1773 2778 1894 2837 Quia
1918 2778 2263 2828 interiora-orn-

281 2844 353 2889 nia
373 2842 416 2888 in
438 2839 604 2887 ultimo
625 2841 762 2886 etiam
782 2841 908 2888 fimul
933 2842 1052 2898 sunt,
1090 2842 1255 2890 idcirco
1277 2843 1340 2890 est
1353 2843 1631 2905 appa-tentia,
1670 2842 1776 2889 ficut
1797 2846 1890 2891 vita
1918 2845 1973 2891 fi't
1997 2844 2040 2890 in
2066 2845 2259 2905 ultimO,

279 2909 366 2955 boc
387 2907 468 2962 est,
497 2905 541 2952 in
559 2921 772 2967 corpore,
801 2923 908 2954 cum
926 2920 1081 2955 tamen
1093 2908 1157 2954 est
1182 2910 1225 2955 in
1248 2909 1551 2965 interioribus,
1589 2911 1636 2956 ὅτ
1656 2925 1736 2955 nec
1754 2910 1833 2966 ibi,
1870 2910 2003 2957 sedin
2025 2910 2266 2974 supremo«,

284 2973 371 3021 hoc
388 2972 467 3028 est,
491 2973 538 3019 in
564 2972 789 3028 Domino,
814 2989 839 3019 a
858 2974 966 3037 Qo
989 2989 1127 3020 omne
1151 2974 1275 3023 vitae.
1344 2974 1525 3020 Exinde
1542 2991 1725 3038 quoque
1743 2975 1821 3032 est,
1847 2976 1973 3040 quod
1993 2977 2087 3024 vita
2112 2978 2154 3023 in
2173 2995 2260 3025 ex-

284 3039 519 3086 terioribus
539 3038 590 3085 {it
611 3038 795 3086 obscura
815 3039 1059 3102 respefflve
1076 3040 1136 3087 ad
1157 3041 1299 3087 vitam
1326 3041 1370 3087 in
1396 3041 1695 3094 interioribuS,
1732 3058 1835 3088 narn
1872 3047 1913 3088 in
1939 3042 2259 3101 exterioribus,

281 3103 346 3151 est
370 3104 463 3153 vita
472 3104 758 3165 communis,
770 3106 960 3156 existens
981 3121 1039 3156 ex
1056 3104 1244 3222 influat}
1253 3106 1482 3167 plurium,
1498 3107 1593 3157 imo
1611 3108 2086 3159 innumerabiliumaeb
2103 3111 2263 3157 interi.-

472 3202 477 3203 ⁷
1270 3188 1358 3239 pp
2066 3178 2218 3226 eribus
2237 3197 2263 3232 ἦ·
