2606 3646
194 262 237 319 ,θ
321 209 632 286 CAPUT
662 151 1518 294 QUADRAGESIMuM
1548 157 2055 295 QUINTUM(
2102 229 2237 296 257

239 345 371 414 quod
408 341 568 392 omnia
604 338 789 404 propria
813 337 905 392 sua,
941 353 1047 403 quae
1085 352 1177 385 non
1203 335 1305 386 sunt
1327 335 1409 386 nifi
1432 352 1576 405 quarn
1616 337 1735 387 mala
1759 338 1809 388 ὅτ
1834 337 1957 397 falsa,
1993 323 2236 393 abalienari

238 415 450 468 debeant,
488 422 595 456 nam
631 406 706 454 illa
745 404 844 453 sunt
869 405 1027 453 omnia
1048 419 1156 468 quae
1181 405 1334 462 habet,
1371 407 1422 454 &
1445 405 1574 471 quod
1599 416 1709 454 tunc
1733 405 1849 454 bona
1872 408 1922 455 δε
1948 423 2051 456 vera
2071 424 2233 473 accep.

239 494 367 531 turus
389 477 442 524 fit
456 492 483 526 a
502 475 729 530 Domino,
766 489 874 537 quae
893 472 994 520 sunt
1013 472 1236 520 thesaurus
1256 473 1303 520 in
1321 473 1474 520 coelo:
1514 471 1720 521 fimiliter
1737 489 1844 537 quae
1866 474 1987 538 apud
2007 473 2226 524 Eundem

243 544 459 596 “Vendite
463 541 705 608 facultates
717 540 901 601 vestras,
939 541 990 588 ὅτ
1014 539 1117 587 date
1140 539 1497 602 eleemosynam,
1534 538 1666 588 facite
1690 541 1822 589 vobis
1858 557 2095 590 crumenas
2131 550 2224 589 non

238 613 581 666 veterascentes,
621 607 876 657 thesaurum
903 623 995 655 non
1018 606 1309 655 deficientem
1329 607 1375 653 in
1398 606 1530 655 coelis
1547 604 1579 630 '⁵
1614 622 1692 655 ΧΠ
1713 625 1724 654 :
1752 625 1777 671 3
1787 625 1811 670 3
1836 628 1850 666 ;
1885 608 2074 673 quisque
2098 609 2226 658 videt

234 680 363 746 quod
391 677 505 738 alius
526 675 673 724 sensus
689 676 757 723 his
788 673 916 731 inest,
951 675 1059 738 quia
1081 673 1278 721 vendere
1303 677 1396 721 luas
1419 673 1649 721 facultates
1672 673 1787 723 foret
1811 675 1948 723 hodie
1967 676 2227 727 mendican-

235 760 332 797 tem
352 746 395 794 se
414 745 570 800 facere,
606 743 844 807 deprivare
864 740 905 788 se
923 741 1055 789 omni
1080 739 1289 788 facultate
1311 740 1510 806 amplius
1525 740 1793 789 charitatem
1815 743 2072 801 exercendi,
2109 759 2228 808 prae-

235 827 305 863 ter
321 813 452 878 quod
476 827 569 860 non
593 811 727 875 poffit
745 808 858 874 quin
877 807 1095 855 meritum
1119 818 1312 872 ponatur
1330 808 1376 856 in
1394 823 1471 865 eo,
1508 808 1558 856 &
1575 807 1780 857 constans
1799 810 1964 858 veritas
1980 810 2060 867 est,
2094 811 2226 873 quod

235 893 333 934 tam
358 880 524 927 divites
547 878 594 924 in
619 876 740 925 coelo
778 875 864 922 smt
896 890 1038 939 quam
1064 890 1317 938 pauperes;
1354 874 1496 924 sensus
1519 874 1595 923 ille
1625 874 1738 924 alius
1772 876 1852 941 qui
1889 876 2019 932 inest,
2055 877 2119 924 est
2142 879 2224 942 qui

208 955 352 997 'mox
376 947 507 1010 supra
534 943 703 993 dietus.
773 940 897 1007 Qia
924 941 1122 990 vendere
1157 941 1442 1005 fignificabat
1462 942 1729 999 abalienare,
1765 942 1836 991 illa
1857 958 1964 1008 quae
1989 941 2223 1002 Ecclefiae,

235 1015 344 1064 ideo
364 1013 483 1068 Lex,
518 1011 644 1075 quod
663 1024 782 1058 uxor
799 1025 823 1055 e
842 1007 1043 1057 faeminis
1059 1007 1251 1071 captivis
1274 1009 1432 1070 dueta,
1470 1009 1504 1059 si
1528 1025 1619 1057 non
1640 1010 1877 1074 placuerit,
1914 1010 2224 1060 dimitteretur

241 1081 322 1129 fibi
355 1079 459 1144 ipfi,
493 1076 707 1126 vendendo
731 1085 872 1124 autem
899 1091 981 1124 non
1004 1074 1278 1133 venderetur,
1324 1091 1411 1141 pro
1445 1088 1655 1142 argento,
1691 1092 1783 1124 non
1809 1078 1988 1125 lucrum
2013 1079 2142 1126 fieret
2164 1094 2221 1125 ex

231 1148 324 1204 illa,
362 1162 448 1211 pro
471 1161 527 1193 eo
550 1143 679 1209 quod
703 1142 915 1191 afflixerit
936 1143 1060 1191 illam
1077 1141 1109 1166 '’
1146 1143 1303 1192 Deut:
1328 1159 1414 1192 xxr
1437 1161 1450 1191 ε
1481 1162 1558 1205 ι4,
1594 1159 1710 1192 uxor
1733 1159 1791 1192 ex
1810 1144 2008 1192 faeminis
2031 1145 2222 1207 captivis

230 1223 448 1282 pro'vero
471 1212 619 1265 alieno
642 1227 732 1259 non
757 1225 813 1258 ex
836 1210 1031 1272 genuina
1058 1209 1212 1274 stirpe,
1248 1212 1376 1275 quod
1399 1222 1551 1259 tamen
1575 1210 1766 1275 adjungi
1787 1211 1947 1276 aliquo
1970 1211 2115 1260 modo
2139 1227 2225 1275 po-

230 1281 321 1342 test
339 1296 446 1329 curn
469 1280 595 1327 bono
621 1277 835 1327 Ecclefiae
867 1277 992 1341 apud
1026 1276 1177 1332 illum,
1213 1276 1302 1325 hoc
1325 1288 1481 1326 tamen
1505 1279 1539 1326 fi
1563 1278 1609 1325 in
1635 1278 1842 1341 pluribus
1866 1295 1958 1325 non
1981 1280 2220 1342 congruit,

231 1347 379 1414 potest
404 1346 647 1401 removeri,
682 1359 775 1392 non
799 1355 953 1392 autem
981 1343 1241 1400 abalienari,
1263 1341 1383 1410 ‘quia
1404 1343 1562 1408 aliquo
1586 1344 1731 1406 modo
1760 1343 2059 1407 conjunctum
2097 1345 2219 1400 fuit3

230 1418 319 1464 hoc
338 1412 564 1478 spirituale
588 1409 722 1476 hujus
739 1411 851 1474 legis
866 1410 947 1460 est.
1018 1409 1176 1458 Etiam
1202 1410 1303 1458 haec
1326 1411 1431 1459 Lex
1467 1419 1504 1441 “
1529 1411 1576 1458 Si
1594 1410 1849 1459 invenietur
1867 1412 1938 1459 vir
1956 1412 2036 1476 qui
2058 1411 2223 1462 furatus

227 1484 435 1532 animam
459 1480 517 1526 de
541 1477 752 1527 fratribus
775 1477 881 1534 suiS,
915 1476 974 1524 de
1008 1477 1116 1525 filiis
1138 1476 1326 1534 Israelis,
1362 1480 1412 1526 δε
1435 1477 1668 1543 quaestum
1687 1476 1839 1527 fecerit
1859 1479 1907 1526 in
1930 1493 2007 1535 eo,
2044 1480 2094 1528 δε
2116 1497 2220 1528 ven-

231 1548 391 1597 diderit
412 1547 549 1602 illum,
584 1544 818 1593 occidetur
846 1542 924 1591 fur
955 1542 1049 1601 hic,
1085 1555 1139 1591 ut
1172 1558 1409 1592 removeas
1449 1545 1628 1594 malum
1664 1560 1689 1591 e
1724 1545 1881 1593 medio
1903 1545 1969 1592 tui
1987 1544 2018 1568 ’'
2056 1547 2217 1594 Deut:

221 1628 379 1664 ‹xx1vz
406 1629 433 1679 7
456 1635 471 1669 ·,
507 1611 627 1660 fures
649 1612 855 1661 filiorum
873 1608 1044 1659 Israelis
1066 1625 1150 1676 pro
1173 1610 1262 1660 illis
1275 1610 1356 1673 qui
1374 1611 1615 1677 acquirunt
1632 1610 1712 1660 fibi
1727 1627 1835 1659 vera
1854 1611 2090 1671 Ecclefiae,
2126 1629 2222 1663 non

230 1683 325 1731 fine
347 1678 534 1731 vivendi
561 1678 810 1727 secundum
834 1677 924 1735 illa,
960 1676 1012 1726 δὲ
1033 1693 1092 1726 ex
1112 1677 1247 1726 corde
1270 1677 1331 1726 fic
1353 1678 1550 1727 docendi
1575 1678 1666 1736 illa,
1700 1678 1776 1727 sed
1798 1679 2026 1742 quaestum
2051 1681 2132 1730 fibi
2158 1682 2223 1730 fa·

223 1748 380 1798 ‘ciendi
406 1763 488 1813 per
510 1745 601 1803 illa,
636 1745 766 1811 quod
786 1746 822 1792 is
845 1744 1084 1794 damnatus
1107 1744 1180 1803 fit,
1215 1745 1496 1808 significatur
1517 1761 1599 1810 per
1619 1746 1748 1809 quod
1768 1745 2017 1798 occidetur.

298 1818 445 1878 5887.
484 1812 550 1862 Et
573 1812 695 1861 riunc
719 1827 775 1859 ne
797 1811 947 1860 doleri
978 1811 1112 1859 vobis
1134 1810 1205 1868 fit,
1239 1811 1375 1876 quod,
1406 1812 1632 1875 fignificet
1653 1814 1929 1862 anxietatem
1963 1813 2115 1864 cordis
2147 1815 2221 1863 seu

228 1881 498 1939 voluntatis,
537 1879 710 1929 constat
725 1893 783 1928 ex
798 1877 1131 1943 significatione
1147 1878 1335 1936 doloris,
1374 1880 1499 1943 quod
1517 1879 1572 1927 fit
1592 1879 1812 1938 anxietaS,
1845 1881 1901 1929 &
1915 1881 2108 1945 quidem
2127 1899 2224 1931 cor-

228 1950 301 1998 dis
326 1947 403 1996 seu
426 1947 692 2005 voluntatiS,
733 1962 841 1994 nam
865 1961 946 2010 per
968 1961 1024 1994 ne
1050 1945 1130 1993 irae
1153 1944 1207 1992 fit
1227 1946 1275 1993 in
1299 1947 1443 1994 oculis
1467 1946 1642 2004 vestm,
1677 1963 1788 2011 quae
1810 1948 1946 1996 verba
1979 1948 2133 1998 statim
2158 1949 2222 1998 se-

226 2027 456 2082 quuntur,
493 2014 773 2078 fignificatur
804 2012 982 2062 tristitia
1010 2011 1194 2076 spiritus
1219 2012 1293 2060 seu
1318 2012 1590 2062 intellectus.
1661 2013 1826 2062 Cordis
1863 2013 1934 2063 seu
1972 2015 2219 2065 voluntatis

227 2085 410 2139 dicitur,
446 2097 495 2129 ac
520 2081 701 2147 spiritus
725 2077 798 2128 seu
823 2079 1098 2137 intellectu&
1133 2095 1191 2127 ex
1221 2079 1351 2128 causa
1373 2079 1480 2145 quia
1503 2096 1580 2128 cor
1603 2096 1685 2143 per
1706 2080 2155 2146 correspondentiam
2180 2087 2224 2132 se

226 2151 367 2199 refert
385 2149 438 2197 ad
459 2148 533 2196 illa
550 2163 659 2213 quae
675 2146 924 2196 voluntatis
947 2145 1066 2205 sunt,
1102 2151 1209 2194 nat'n
1231 2145 1368 2194 refert
1386 2147 1426 2194 se
1444 2147 1500 2194 ad
1520 2147 1708 2195 coeleste
1726 2148 1798 2196 seu
1815 2150 1993 2197 bonum
2018 2153 2186 2199 amoris
2202 2174 2221 2206 0,

230 2220 282 2266 δι
314 2217 509 2281 spiritus,
545 2214 625 2278 qui
648 2213 713 2261 est
737 2213 1035 2278 pulmonum,
1069 2213 1129 2262 ad
1153 2213 1231 2262 illa
1252 2228 1361 2277 quae
1385 2213 1640 2262 intellectus
1664 2213 1780 2272 sunt,
1817 2232 1926 2264 nam
1948 2216 2083 2268 refert
2103 2219 2146 2267 se
2163 2220 2224 2268 ad

230 2284 464 2350 spirituale
496 2281 568 2330 seu
596 2297 758 2329 verum
783 2281 914 2339 fidei,
949 2279 1161 2331 videatur
1184 2297 1245 2328 n:
1272 2280 1418 2344 3635.
1445 2282 1538 2342 388
1547 2299 1569 2343 3
1591 2281 1647 2329 ad
1670 2281 1816 2344 3896.

298 2353 443 2413 5888.
480 2348 545 2397 Et
566 2364 621 2398 ne
644 2347 725 2396 irae
747 2347 803 2395 fit
828 2347 873 2395 in
897 2347 1041 2396 oculis
1074 2346 1247 2405 vestriS,
1282 2348 1407 2412 quod
1434 2346 1660 2411 fignificet
1685 2347 1915 2398 tristitiam
1940 2349 2117 2414 spiritus
2147 2352 2220 2403 seu

227 2415 500 2473 ἰηῑεὶῐεξὶυε,
536 2414 712 2464 constat
734 2429 791 2462 ex
814 2414 1144 2480 significatione
1161 2415 1258 2472 irae,
1293 2414 1422 2479 quod
1443 2413 1518 2462 hic
1537 2414 1587 2463 fit
1609 2415 1804 2473 tristitia,
1835 2416 1944 2480 -quia
1969 2418 2079 2466 ficut
2096 2435 2222 2483 repe-

229 2486 334 2533 titio
353 2481 600 2532 consimilis
623 2481 687 2530 rei
712 2480 911 2547 sequitur
926 2480 1030 2546 post
1052 2481 1129 2530 illa
1152 2482 1308 2538 verba,
1343 2497 1398 2530 ne
1420 2481 1568 2529 dolori
1593 2483 1724 2530 vobis
1750 2481 1820 2538 fit,
1855 2498 1938 2546 per
1958 2500 2062 2548 quae
2086 2486 2222 2550 figni-

229 2554 390 2601 ficatur
412 2549 613 2598 anxietas
635 2548 784 2597 cordis
819 2547 893 2597 seu
918 2547 1165 2597 voluntatis
1187 2569 1201 2603 ;
1236 2547 1315 2596 ubi
1334 2547 1461 2596 enim
1485 2548 1531 2595 in
1562 2545 1718 2598 Verbo
1752 2563 1943 2612 apparet
1968 2551 2077 2601 ficut
2097 2570 2222 2617 repe-

226 2619 349 2676 titio,
385 2632 530 2666 unum
554 2614 598 2663 se
622 2613 756 2663 refert
774 2615 831 2663 ad
858 2614 1158 2671 voluntatem,
1193 2615 1383 2663 alterum
1396 2614 1463 2662 ad
1485 2613 1791 2673 intel.le&um‚
1831 2615 1901 2663 seu
1925 2619 2052 2682 quod
2074 2621 2218 2678 idern,

228 2702 379 2734 unum
403 2684 456 2731 ad
483 2684 663 2731 bonum
696 2683 881 2739 amoris,
917 2681 1111 2731 alterum
1129 2682 1186 2730 ad
1209 2697 1372 2730 verum
1397 2681 1505 2730 fidei
1527 2702 1542 2736 ς
1577 2683 1627 2730 &
1651 2683 1738 2730 hoc
1754 2683 1819 2730 ob
1836 2682 2105 2748 conjugium
2127 2703 2220 2734 coe-
2281 2698 2290 2701 ⁴

120 2778 130 2785 κ
226 2752 349 2809 leste,
386 2751 515 2816 quod
546 2748 611 2796 est
635 2748 745 2797 boni
768 2748 819 2796 &
840 2747 953 2807 veri,
989 2750 1037 2797 in
1062 2748 1247 2813 singulis
1280 2748 1446 2806 Verbi,
1483 2749 1541 2796 de
1564 2765 1655 2814 qua
1679 2764 1725 2796 re
1743 2766 1802 2798 n:
1828 2751 1942 2814 683.
1971 2767 2081 2817 793.
2105 2758 2219 2805 801.

229 2835 385 2885 2¹73?
413 2816 560 2880 2516.
588 2830 732 2880 2712.
769 2828 934 2876 55023
969 2816 1020 2864 ὅτ
1052 2831 1111 2864 ex
1139 2815 1467 2880 significatione
1501 2815 1764 2875 oculorum,
1801 2817 1933 2883 quod
1967 2820 2052 2868 smt
2083 2823 2221 2870 intel-

228 2885 385 2942 lectus,
421 2885 479 2931 de
506 2899 598 2948 qua
623 2898 684 2930 n:
716 2896 861 2944 2701.
886 2897 1017 2946 4403
1034 2881 1100 2935 ,ad
1124 2898 1274 2943 44²1·
1299 2897 1428 2945 4523
1456 2883 1515 2931 ad
1539 2900 1688 2946 4534.

297 2956 443 3015 5889.
483 2949 624 3013 Qod
644 2947 944 2997 vendideritis
968 2964 1042 2997 me
1066 2949 1178 3008 huc,
1215 2950 1346 3015 quod
1370 2949 1595 3013 significet
1629 2949 1757 3015 quod
1788 2951 2143 3004 abalienaverint
2165 2957 2224 3006 ad

224 3017 404 3076 infima,
439 3018 615 3068 constat
636 3032 695 3065 ex
721 3014 810 3064 illis
833 3030 942 3079 quae
964 3014 1099 3079 supra
1119 3031 1148 3063 n
1167 3033 1181 3062 t
1208 3019 1266 3078 58
1277 3017 1356 3071 86,
1391 3015 1617 3080 explicata
1653 3017 1771 3066 sunt.

301 3087 358 3145 58
398 3085 608 3149 o.'Quia
625 3084 683 3132 ad
708 3080 1065 3131 vivificationem
1089 3081 1214 3132 misit
1237 3098 1314 3132 me
1346 3082 1474 3130 Deus
1496 3095 1600 3132 ante
1621 3100 1720 3140 vos,
1755 3082 1883 3147 q‘uod
1909 3087 2132 3150 significet
2155 3088 2225 3135 vi-

232 3161 325 3197 tam
350 3102 623 3215 sgiritualem
646 3149 735 3198 illis
771 3165 830 3198 ex
857 3148 1176 3208 Providentia,
1212 3148 1390 3198 constat
1422 3165 1482 3197 ex
1517 3149 1848 3212 significatione
1881 3154 2224 3212 vivificationis,

221 3215 352 3280 quod
378 3216 431 3267 fit
452 3217 548 3268 vita
569 3216 808 3284 spiritualis
825 3237 844 3274 3
889 3215 948 3267 de
970 3232 1063 3284 qua
1087 3217 1286 3283 sequitur
1302 3252 1350 3331 k
1371 3217 1430 3330 {c
1453 3231 1509 3266 ex
1526 3216 1866 3281 fignificatione
1893 3221 2014 3271 misit
2032 3239 2114 3274 me
2137 3224 2232 3272 De-

230 3313 243 3325 ·
2179 3303 2232 3335 us
