2670 3698
383 230 477 324 80
676 225 847 295 »G
960 222 1362 296 EN
1405 214 1556 293 2312st
1601 207 2313 296 SIS'

388 370 493 402 cum
515 364 800 417 regeneratur
833 352 993 409 hom0,
1028 347 1078 400 ὅτ
1104 363 1213 398 tunc
1244 352 1423 399 bonum
1448 349 1674 400 charitatis
1706 349 1838 415 quod
1860 349 2102 406 voluntarii
2133 345 2398 418 apparenter

390 421 587 469 secundo
619 421 738 476 loco,
772 435 879 467 cum
915 431 1067 466 tamen
1104 419 1280 465 bonum
1311 418 1544 465 adtualiter
1566 416 1631 464 est
1655 418 1825 481 primo,
1854 419 1911 467 δε
1929 418 2163 468 manifeste
2186 436 2290 470 cum
2314 423 2397 472 ho-

362 503 474 543 ,mo
508 500 789 552 regeneratus
825 485 905 542 est,
941 486 999 533 de
1031 501 1122 549 qua
1156 499 1202 531 re
1225 484 1432 532 videatur
1464 500 1491 531 n
1512 499 1523 530 z
1546 483 1861 546 3324.'35'39.
1887 489 2038 561 3548.
2075 489 2219 550 3556.
2242 491 2394 554 3563.

396 569 544 618 3570-
573 553 720 618 3576·
750 553 896 622 3603·
938 567 1084 615 3701·
1125 565 1275 614 4243·
1317 567 1468 611 4244·
1508 563 1657 613 4247·
1685 555 1832 614 433'7·
1856 567 2021 617 4925·
2062 555 2212 617 4926-
2248 559 2401 622 4928·Ι

492 638 538 671 o.
602 655 609 665 i
700 656 711 667 .
1815 643 1818 646 ·
1978 639 2002 643 ²>

389 638 490 748 49}
498 704 521 750 3
530 638 625 749 ἐξ
634 635 772 754 7(7Qia
795 683 1055 734 fructificari
1072 683 1191 732 >fecit
1226 699 1299 732 me
1325 684 1468 739 Deus,
1502 682 1629 748 quod
1657 682 1896 745 ³fignificet
1920 683 2405 751 *indemult‘rplicatim

394 769 503 802 nem
529 753 626 801 veri
655 769 712 800 ex
738 753 878 807 bono,
913 752 1088 800 constat
1109 768 1165 802 ex
1188 751 1518 814 significatione
1542 749 1799 798 fructificari
1823 743 1983 808 facere,
2017 748 2144 815 quod
2168 739 2223 801 iit
2245 757 2405 804 multi'-

365 856 370 861 ,
393 820 602 885 plicatio,
639 835 806 882 nempe
830 819 925 865 veri
943 834 1005 882 ex
1029 819 1170 875 bono,
1205 817 1498 875 fructificatio
1520 816 1647 864 enim
1672 817 1944 880 praedicatur
1965 834 2023 868 ex
2042 819 2184 877 bono,
2209 818 2261 869 &
2284 819 2404 871 ‘mul-

364 914 371 937 ,·
395 886 621 950 tiplicatio
643 885 701 933 de
734 901 865 942 ver0,
899 901 957 932 n:
994 902 1074 948 43.
1100 900 1180 946 55.
1205 895 1319 948 913.
1348 888 1459 947 783.
1491 899 1633 946 1940.
1662 884 1807 945 2846.
1835 887 1997 948 28473
2033 884 2263 949 Ephraim
2293 888 2403 937 inde

366 953 443 1001 :jn
466 953 654 1015 Lingua
676 951 889 1015 originali
914 951 1274 1010 nominatus-est
1313 966 1339 997 a
1363 949 1728 1007 fructificatione,
1763 949 1891 1013 cujus
1914 951 2046 1016 quale
2069 953 2333 1002 continetur
2354 958 2401 1004 in

335 1027 337 1030 ’
366 1019 465 1073 „his
486 1022 636 1068 verbis
653 1026 704 1054 «“
725 1020 837 1083 quia
851 1017 1121 1066 fructificari
1147 1017 1255 1067 fecit
1276 1014 1355 1064 'me'
1373 1017 1503 1082 Deus
1538 1018 1723 1065 interra
1755 1017 2181 1078 afflictionismeae3
2199 1019 2233 1043 ’⁹
2268 1011 2403 1085 quale

367 1085 494 1143 rest„
511 1085 1023 1152 quod multiplicatum
1047 1086 1101 1133 fit
1122 1084 1283 1132 verum
1307 1099 1364 1131 ex
1389 1083 1513 1131 bono
1538 1084 1584 1132 in
1622 1084 1817 1142 naturali
1840 1084 1945 1148 post
1981 1084 2255 1134 tentationes
2290 1091 2404 1152 quas

394 1153 459 1200 ibi
484 1153 669 1217 paffus.;
718 1151 847 1218 Qid
873 1151 1199 1215 multiplicatio
1222 1149 1319 1197 veri
1342 1163 1368 1196 a
1389 1150 1532 1206 bonu,
1564 1149 1723 1213 ›pa-ucis
1746 1148 1990 1199 dicendum
2012 1172 2026 1206 ;
2059 1166 2168 1200 cum
2193 1148 2338 1202 homo
2357 1157 2406 1203 in

397 1219 524 1267 bono
548 1219 628 1275 est,
666 1218 753 1266 hoc
776 1218 855 1275 est,
895 1218 939 1264 in
963 1233 1120 1264 amore
1151 1230 1259 1277 erga
1282 1215 1565 1279 proximum,
1586 1227 1709 1278 ⁸tunc
1745 1218 1884 1264 etiam
1917 1216 1966 1263 in
1999 1232 2169 1274 amore*
2191 1220 2288 1282 veri
2322 1220 2406 1278 est,

377 1286 501 1336 ‚inde
525 1297 750 1349 quantum
777 1285 821 1331 in
849 1287 971 1333 bono
996 1283 1074 1330 illo
1096 1283 1176 1340 est,
1211 1294 1394 1329 tantum
1417 1293 1527 1330 vero
1551 1281 1762 1339 afficitur,
1798 1298 1903 1330 nam
1928 1283 2108 1332 bonum
2132 1283 2198 1333 est
2221 1285 2266 1333 in
2289 1299 2405 1337 vero

311 1348 314 1350 ’
393 1351 507 1401 ficut
540 1351 693 1398 anima
734 1351 778 1397 in
819 1349 900 1398 suo
923 1365 1148 1413 corpore3
1184 1350 1293 1397 ficut
1332 1348 1484 1412 itaque
1521 1349 1695 1397 bonum
1735 1348 2026 1413 misltiplicat.
2051 1365 2231 1409 verum,
2266 1354 2330 1401 ita
2362 1353 2406 1402 se

374 1456 375 1459 η
395 1430 641 1481 propagat,
675 1418 798 1480 [ique
821 1416 1039 1480 genuinae
1061 1415 1289 1467 charitatis
1312 1415 1489 1463 bonum
1513 1415 1594 1472 est,
1632 1427 1859 1479 propagat
1882 1416 1924 1463 se
1950 1415 2128 1465 invero
2152 1419 2203 1468 &
2222 1433 2308 1483 per
2320 1414 2407 1472 've-

393 1491 502 1533 tum
524 1487 574 1532 in
597 1483 911 1540 indefinitum,
941 1499 1054 1530 nam
1078 1498 1170 1531 non
1190 1483 1321 1530 datur
1343 1482 1445 1529 finis
1467 1497 1618 1547 neque
1652 1482 1777 1530 bono
1814 1497 1961 1547 neque
1997 1479 2125 1541 veto,
2163 1484 2406 1537 Infinitum

396 1550 463 1600 est
488 1551 532 1598 in
551 1551 773 1598 omnibus
794 1550 1074 1611 &finguliS‚
1109 1549 1216 1614 quia
1238 1550 1395 1597 omnia
1432 1549 1483 1596 &
1505 1547 1683 1610 singula
1721 1564 1778 1596 ex
1801 1548 1991 1597 Infinito
2017 1548 2159 1606 fiirr't'g
2192 1562 2240 1599 at
2260 1551 2406 1619 usque

399 1616 695 1666 indefinitum
734 1617 847 1664 illud
874 1617 1096 1681 nusquam
1121 1616 1275 1681 aliquo
1306 1614 1450 1662 modo
1473 1617 1729 1679 pertingere
1751 1616 1809 1664 ad
1834 1615 2072 1664 Infinitum
2097 1616 2263 1682 potest,
2282 1612 2410 1685 'quia

394 1684 513 1731 ratio
536 1683 654 1731 finiti
683 1683 805 1730 nulla
828 1682 961 1731 datur
977 1699 1083 1731 cum
1109 1682 1328 1731 Infinito:
1367 1683 1410 1729 in
1431 1681 1630 1730 Ecclefia
1648 1682 1786 1730 hodie
1803 1697 1901 1730 raro
1917 1683 2052 1731 datur
2074 1683 2410 1748 multiplicatio

380 1752 512 1808 veri,
549 1749 674 1797 causa
698 1749 779 1807 est,
813 1751 920 1815 quia
946 1750 1085 1798 hodie
1109 1765 1200 1798 non
1224 1749 1288 1796 est
1324 1748 1499 1795 bonum
1523 1748 1742 1812 genuinae
1778 1748 2035 1806 charitatis;
2068 1750 2281 1800 creditur
2309 1751 2409 1801 satis

399 1818 488 1865 effe
513 1817 617 1865 scire
641 1817 862 1882 dogmata
886 1816 1012 1872 fidei,
1047 1833 1158 1881 quae
1197 1815 1298 1865 sunt
1322 1814 1538 1863 Ecclefiae
1557 1816 1607 1863 in
1628 1830 1738 1880 quae
1775 1829 1907 1863 natus
1946 1815 2028 1873 est,
2062 1816 2114 1867 δε
2152 1817 2231 1867 illa
2270 1819 2408 1868 variis

395 1885 667 1932 confirmare
688 1905 701 1938 ·,
736 1896 781 1931 at
803 1885 883 1948 qui
908 1884 953 1930 in
978 1883 1104 1932 bono
1126 1883 1342 1946 genuinae
1364 1881 1590 1930 charitatis
1624 1881 1717 1938 est,
1743 1883 1794 1930 δι
1818 1881 1928 1930 inde
1958 1882 2006 1930 in
2027 1882 2271 1932 affectione
2287 1885 2406 1943 veti,

398 1966 493 1997 non
516 1963 753 1998 contentus
776 1950 837 1998 est
861 1967 933 2007 eo,
969 1949 1044 1998 sed
1068 1950 1169 1997 vult
1192 1948 1399 1998 illustrari
1422 1961 1480 1996 ex
1505 1949 1663 1997 Verbo
1678 1948 1799 2014 quid
1824 1949 2019 2007 Verum,
2040 1950 2094 1998 ὅτ
2117 1949 2272 1999 videre
2296 1951 2412 2000 illud

400 2017 665 2081 priusquam
690 2018 950 2075 confirmat,
986 2017 1115 2065 videt
1137 2017 1277 2064 etiam
1301 2031 1359 2063 ex
1383 2016 1523 2073 bono,
1558 2032 1667 2064 nam
1706 2017 2004 2081 apperceptio
2024 2008 2140 2064 'ver'i
2162 2016 2225 2064 est
2247 2014 2307 2066 ex
2327 2014 2413 2067 bo-

403 2099 483 2140 no,
521 2084 756 2132 Dominus
777 2083 904 2132 enim
926 2083 1060 2131 estin
1085 2083 1208 2131 bono
1231 2085 1282 2133 ὅτ
1305 2082 1384 2130 dat
1405 2083 1806 2147 apperceptionem
1827 2103 1841 2137 ς
1875 2098 1987 2131 cum
2011 2082 2406 2149 inde·accipit.ve-

402 2165 526 2207 rum,
563 2162 672 2199 tunc
699 2150 854 2199 crescit
885 2149 931 2197 id
957 2152 1004 2198 in
1034 2149 1364 2204 indefinitum;
1415 2149 1459 2197 se
1498 2150 1635 2198 habet
1669 2149 1756 2198 hoc
1794 2149 1906 2198 ficut
1950 2145 2246 2207 seminulum,
2281 2151 2412 2216 quod

398 2217 557 2265 crescit
581 2217 624 2265 in
643 2217 871 2274 arborem,
906 2218 956 2265 &
975 2216 1193 2281 producit
1215 2215 1455 2272 seminula,
1489 2217 1546 2264 &v
1561 2216 1663 2265 haec
1683 2215 1793 2263 dein
1818 2216 2025 2274 hortum,
2058 2216 2112 2264 &
2134 2216 2196 2265 fic
2217 2233 2374 2281 porro.

413 2329 418 2333 s
476 2284 621 2346 5356.
659 2284 714 2331 In
737 2296 851 2331 terra
872 2282 1129 2331 afflictionis
1152 2298 1289 2339 meae,
1323 2282 1450 2346 quod
1470 2281 1695 2344 fignificet
1710 2281 1788 2330 ubi
1807 2281 1958 2346 paffus,
1977 2282 2268 2340 tentationes,
2304 2281 2417 2333 cond

406 2348 492 2397 stat
514 2366 570 2398 ex
595 2350 923 2414 fignificatione
945 2363 1094 2407 terrae,
1130 2348 1205 2396 hic
1228 2362 1360 2397 terrae
1382 2347 1602 2414 AEgypti,
1635 2348 1765 2413 quod
1797 2349 1858 2397 'fit
1879 2348 2109 2406 naturale,
2135 2349 2194 2397 de
2232 2362 2325 2415 qua
2348 2351 2379 2400 n'
2397 2368 2414 2399 ε

406 2417 557 2479 5276.
582 2419 726 2481 5278.
754 2420 899 2479 5280.
927 2419 1072 2478 5288.
1107 2431 1230 2479 5301
1260 2436 1275 2470 ·,
1309 2414 1365 2464 &
1399 2429 1457 2462 ex
1495 2415 1825 2479 fignificatione
1862 2415 2137 2472 afflictionis,
2190 2412 2418 2482 quod'fit

406 2484 636 2540 tentatio,
672 2483 731 2530 de
769 2499 858 2548 qua
898 2500 957 2531 n:
989 2483 1147 2542 1846,
1183 2483 1291 2531 inde
1330 2494 1470 2546 patet,
1505 2482 1634 2546 quod
1675 2498 1756 2546 per
1779 2483 1826 2530 in
1851 2494 1968 2531 terra
1997 2480 2254 2531 afflictionis
2279 2499 2417 2542 meae,

408 2549 684 2611 significetur
717 2549 764 2596 in
807 2549 994 2598 naturali
1018 2549 1097 2598 ubi
1127 2549 1273 2613 paffus
1306 2548 1598 2606 tentationes,
1632 2547 1828 2612 proinde
1866 2549 1993 2614 quod
2035 2548 2098 2597 ibi
2137 2550 2415 2616 multiplica-

412 2629 513 2663 tum
535 2631 695 2663 verum
719 2631 777 2665 ex
798 2616 922 2663 bono
946 2616 1034 2670 fit·‚
1070 2617 1176 2680 quia
1199 2613 1491 2665 fructificatio
1513 2615 1588 2662 illa
1612 2614 1687 2663 seu
1708 2614 2151 2677 multiplicatio'veri
2186 2631 2244 2665 ex
2268 2612 2412 2674 bono,

412 2682 643 2744 imprimis
676 2682 728 2728 fit
762 2697 844 2745 per
868 2682 1156 2739 tentationes,
1193 2683 1361 2730 idcirco
1385 2683 1442 2730 ita
1465 2681 1657 2730 dictum·
1677 2681 1755 2729 est.
1826 2682 1973 2749 Qod
2009 2679 2301 2733 fructificatio.
2337 2681 2415 2731 illa

413 2747 643 2810 imprimis
678 2746 757 2796 fiat
791 2763 872 2811 per
895 2749 1187 2804 tentationes,
1219 2748 1362 2803 causae
1386 2750 1504 2806 sunt,
1540 2749 1648 2812 quia
1671 2748 1943 2796 tentationes
1975 2746 2215 2798 removent
2234 2760 2416 2798 'amores

412 2814 478 2864 sui
512 2816 560 2862 δί
597 2812 776 2871 mundi,
829 2814 889 2860 ita
926 2814 1058 2870 mala,
1093 2815 1257 2878 quibus
1291 2816 1477 2862 remotis
1513 2815 1662 2862 influit
1697 2815 1881 2863 affectio
1916 2812 2234 2865 boni*&sveri
2263 2820 2291 2861 a'
2313 2810 2417 2863 Do-

416 2880 563 2935 mino,
598 2880 807 2927 videatur
831 2895 943 2928 mox
965 2882 1097 2944 supra
1127 2896 1184 2927 n:
1208 2896 1367 2944 5354:
1419 2879 1718 2930 Tentationes
1752 2882 1894 2930 etiam
1933 2881 2046 2930 dant
2070 2877 2213 2947 ⁴'quale
2252 2879 2417 2946 apper-

407 2945 634 3008 ceptionis
656 2946 760 2994 boni
785 2948 832 2994 &
851 2947 965 3002 veri,
1001 2963 1082 3011 per
1104 2948 1314 3011 oppostta
1336 2963 1446 3011 quae
1470 2947 1577 2995 mali
1602 2948 1781 3013 spiritus
1812 2961 1923 2996 tunc
1946 2945 2225 3001 infundunt·,
2257 2947 2314 2994 eit
2331 2940 2417 3025 op-

411 3012 569 3074 positis
595 3014 879 3075 apperceptis
901 3027 1221 3076 comparantur
1243 3013 1447 3070 relativa,
1481 3028 1539 3061 ex
1562 3016 1735 3079 quibus·
1766 3026 1906 3062 omne
1928 3014 2058 3075 quale
2078 3032 2092 3068 3
2128 3028 2270 3061 nemo
2286 3016 2414 3062 enim

412 3077 495 3124 scit
527 3078 640 3141 quid
682 3081 879 3137 bonumg
908 3078 994 3133 nisi
1022 3080 1161 3127 etiam
1213 3079 1324 3127 scint
1354 3079 1468 3144 quid
1505 3095 1597 3128 non
1632 3081 1825 3136 bonum,
1862 3092 1943 3126 nec
1982 3079 2296 3143 quid³ffx⁷crum
2332 3074 2415 3128 nsfi

413 3143 519 3191 sciat
550 3143 662 3207 quid
695 3161 785 3193 non
806 3161 1014 3195 verum:
1058 3146 1354 3193 Tentationes
1375 3147 1515 3192 etiam
1549 3147 1823 3194 confirmant
1855 3146 1974 3192 bona
2009 3146 2059 3194 δε
2082 3143 2206 3200 νάῃ,
2244 3161 2304 3209 pu
2344 3143 2421 3195 n¹at

388 3209 535 3258 -enim
583 3221 693 3259 tunc
727 3211 1061 3263 homorrcontra
1097 3211 1213 3261 mala
1245 3212 1296 3260 ὅτ
1330 3210 1452 3269 falsa,
1500 3212 1555 3263 δε
1588 3209 1669 3277 per
1700 3211 1830 3275 quod
1860 3211 2022 3271 vincit,
2075 3211 2121 3260 in
2152 3161 2415 3260 fortiuffaf-
2466 3223 2471 3230 “

1188 3289 1203 3295 ”
2128 3278 2414 3328 firmativum

1259 3408 1282 3415 >a
