2566 3640
557 194 888 274 CAPUT
919 158 1940 294 QUINQUA'GESIMUM.
2125 224 2258 298 515

267 329 411 382 ternis
442 328 610 391 absque
642 328 837 383 interno,
889 325 953 372 ita
976 324 1023 372 in
1046 324 1175 373 nullo
1197 324 1414 373 Ecclefiae
1447 323 1638 373 internae
1675 338 1942 390 praecept03
1993 325 2101 374 inde
2124 323 2250 382 ’erat,

273 398 404 464 quod
429 397 582 443 fratres
606 393 799 456 Josephi
831 404 1011 440 tantum
1049 392 1278 449 timerent,
1325 390 1454 457 quod
1492 391 1667 456 Joseph
1700 391 1801 439 illos
1829 394 1942 442 odio
1972 392 2167 452 haberet,
2202 398 2254 445 δε

274 466 362 514 illis
389 462 567 512 malum
589 460 869 507 retribueret.

318 529 490 592 .6562.
536 527 606 575 Ita
629 525 789 574 dicatis
811 525 866 573 ad
891 523 1167 588 Josephum,
1219 522 1342 587 quod
1367 524 1593 587 significet
1624 523 1968 588 perceptionem
1990 525 2046 572 ab
2070 525 2257 586 Interno

270 597 390 663 quid
426 593 704 648 faciendum,
752 590 968 640 constata
992 590 1315 655 significatione
1347 591 1494 639 dicere
1516 591 1563 638 in
1585 590 1805 638 historicis
1834 592 1997 647 Verbi,
2048 591 2175 656 quod
2199 594 2256 641 sit

271 661 529 728 perceptio,
578 659 638 706 de
657 674 749 723 qua
772 675 830 706 n:
863 672 1004 722 1791.
1050 660 1190 719 1815.
1230 660 1373 719 1819.
1418 660 1558 705 1822.
1591 659 1732 719 1898.
1766 673 1904 721 1919.
1935 661 2078 708 2080.
2111 659 2254 723 2619.

202 768 206 771 .
275 729 420 779 2862.
442 742 587 792 3509.
610 726 756 789 5687.
777 739 904 787 5743
927 744 943 778 ς
977 725 1025 772 &
1044 738 1100 771 ex
1117 722 1507 788 repraesentatione
1525 722 1733 787 josephi,
1768 724 1895 786 quod
1919 724 1971 771 fit
1996 726 2255 782 Internum,

274 796 448 858 dequa
466 810 495 840 n
511 811 524 841 ι
540 791 701 856 6177.
726 791 874 851 6224.
901 789 1067 851 6560;
1102 791 1229 853 quod
1254 790 1309 838 fit
1329 790 1562 853 perceptio
1574 788 1677 852 quid
1677 789 1946 853 faciendum,
1983 790 2259 853 significatur

276 864 445 927 perita
475 857 647 907 dicatis.
684 890 696 894 x
1563 865 1565 867 ’
2258 893 2262 896 .

341 928 491 989 6563.
518 921 702 989 ,Qaeso
724 921 902 970 remitte
920 921 1077 986 quaeso
1098 922 1520 984 praevaricationem
1540 920 1725 970 fratrum
1747 924 1934 969 tuorum
1954 923 2006 970 &
2023 935 2260 985 peccatum

273 995 478 1048 illorum,
512 991 641 1054 quod
665 987 888 1051 fignificet
910 988 1292 1052 supplicationem
1315 990 1365 1038 δε
1390 989 1722 1051 paenitentiam,
1756 987 1928 1036 constat
1951 1005 2009 1036 ex
2033 989 2266 1050 significa-

275 1064 404 1109 tione
427 1056 586 1123 quaeso
609 1057 791 1102 remitte
811 1053 986 1117 quaeso,
1031 1054 1157 1118 quod
1182 1054 1236 1103 fit
1257 1054 1527 1121 supplicatio
1547 1076 1563 1109 ·‚
1597 1056 1645 1102 &
1669 1055 1795 1117 quod
1819 1055 1956 1102 etiam
1983 1056 2261 1118 paenitentia,

277 1139 407 1192 patet
430 1141 454 1171 a
477 1122 748 1172 confessione
772 1121 897 1185 quod
922 1120 1209 1184 praevaricati
1233 1119 1319 1169 fint
1341 1123 1392 1170 ὅτ
1414 1120 1713 1185 peccaverint,
1749 1121 1799 1168 δε
1823 1136 2006 1185 quoque
2028 1139 2054 1168 a
2078 1122 2264 1186 sequen-

279 1196 417 1248 tibus,
442 1191 570 1255 quod
596 1188 638 1235 se
659 1187 910 1250 obtulerint
931 1186 1136 1250 Josepho
1157 1187 1214 1234 ad
1238 1187 1404 1236 servos.
1472 1188 1653 1235 Dicitur
1676 1187 1984 1250 praevaricatio
2006 1189 2055 1235 δε
2079 1204 2264 1252 quoque

277 1271 518 1325 peccatum
543 1256 605 1303 ob
627 1252 895 1317 conjugium
932 1253 1029 1300 veri
1051 1253 1115 1301 r&t
1153 1253 1260 1301 boni
1295 1253 1337 1301 in
1372 1253 1558 1314 singulis
1594 1253 1755 1310 Verbi,
1807 1269 1912 1300 nam
1951 1255 2264 1316 praevaricatio

276 1325 501 1388 fignificat
524 1321 698 1369 malum
722 1333 878 1368 contra
900 1334 1082 1376 verum,
1132 1320 1262 1383 quod
1288 1321 1436 1367 minus
1458 1319 1537 1375 est,
1585 1321 1636 1368 δε
1661 1333 1892 1382 peccatum
1913 1320 2088 1369 malum
2107 1334 2265 1370 contra

279 1393 474 1446 bonum,
509 1387 635 1453 quod
661 1384 803 1449 majus
823 1384 921 1440 est;
957 1385 1062 1434 inde
1084 1384 1165 1442 est,
1200 1386 1327 1451 quod
1352 1398 1605 1451 utrumque
1627 1386 1824 1441 dicatur,
1859 1398 1911 1432 ut
1934 1402 2117 1450 quoque
2139 1388 2263 1445 alibi,

280 1470 334 1505 ut
356 1454 537 1504 Genes:
563 1453 690 1515 Cap:
714 1467 831 1499 xxxt
871 1458 906 1481 “
931 1452 1078 1514 Jacob
1099 1451 1221 1500 dixit
1242 1453 1453 1510 Labani,
1487 1468 1595 1515 quae
1619 1452 1938 1500 Praevaricatio
1966 1468 2079 1509 mea,
2100 1496 2104 1501 s
2134 1455 2265 1518 quod

279 1525 511 1572 Peccatum
544 1535 697 1574 meum,
747 1517 878 1582 quod
916 1517 1178 1582 insequutus
1212 1533 1258 1564 es
1282 1518 1384 1582 post
1415 1517 1538 1565 me”
1576 1517 1716 1565 Vers:
1744 1518 1822 1580 36.
1891 1519 2039 1580 Apud
2080 1519 2264 1568 Esaiam

279 1598 317 1620 “
345 1590 526 1638 Deiebo
549 1587 664 1634 sicut
684 1584 855 1632 nubem
892 1583 1280 1632 Praevaricationcs
1316 1593 1434 1641 tuas,
1484 1585 1535 1632 δε
1572 1583 1680 1632 ficut
1716 1586 1886 1632 nubem
1932 1586 2112 1633 Peccata
2136 1597 2213 1635 tua
2233 1586 2267 1610 '²

277 1671 431 1704 xuv:
458 1669 536 1702 22.
607 1650 752 1714 Apud
794 1648 1088 1698 Ezechielem
1121 1658 1155 1680 “
1179 1650 1233 1697 In
1250 1650 1623 1699 Praevaricatione
1650 1651 1734 1712 sua
1767 1666 1905 1715 quam
1942 1654 2266 1714 praevaricatus

281 1723 364 1778 est,
400 1722 450 1770 &
473 1721 517 1767 in
541 1719 719 1766 Peccato
746 1717 822 1778 sico
854 1716 983 1779 quod
1019 1717 1242 1779 peccavit,
1293 1717 1452 1764 inillis
1475 1715 1737 1764 morietur''
1775 1733 1937 1764 xv111:
1965 1733 2041 1778 24.
2115 1720 2266 1783 Apud

283 1788 523 1842 Eundem,
560 1791 594 1814 “
622 1784 751 1831 Dum
788 1783 1042 1830 revelantur
1080 1783 1470 1840 Praevadcationes
1504 1782 1671 1846 vestrae,
1722 1795 1774 1830 ut
1798 1798 2042 1846 appareant
2079 1785 2270 1833 Peccata

279 1853 426 1915 vestra
462 1852 506 1899 in
542 1849 756 1898 omnibus
792 1846 1006 1910 operibus
1039 1847 1194 1895 vestris
1209 1847 1240 1866 ”
1277 1864 1391 1895 xxi:
1421 1863 1499 1911 29.
1575 1847 1719 1911 Apud
1763 1850 1996 1899 Davidem
2044 1859 2076 1880 “
2099 1851 2267 1900 Beatus

282 1920 360 1968 cui
394 1917 572 1967 remissa
594 1915 932 1970 Praevaricatio,
973 1914 1148 1962 teaum
1174 1913 1447 1971 Peccatum'’
1485 1914 1662 1962 Psalm:
1687 1930 1860 1964 xxxix:
1893 1932 1933 1964 1.
2186 1925 2193 1932 ’

322 1993 326 1996 ·
353 1985 501 2049 6564.
537 1981 662 2045 Qia
686 1981 859 2028 malum
883 1979 1186 2028 retribuerunt
1208 1981 1308 2036 tibi,
1343 1980 1468 2045 quod
1495 1981 1716 2044 significet
1737 1982 1863 2045 quod
1887 1983 2027 2030 aversi
2051 1982 2222 2032 fuerint
2237 2002 2265 2033 a

285 2053 412 2102 bono
434 2052 485 2099 ὅτ.
510 2063 619 2095 vero
633 2062 740 2110 quae
765 2046 979 2109 inlinunt,
1013 2043 1187 2094 constat
1209 2063 1232 2093 a
1252 2046 1577 2109 significatione
1601 2046 1728 2105 mali,
1766 2050 1891 2109 quod
1919 2049 1972 2095 sit
1994 2051 2179 2106 aversio,
2204 2051 2264 2098 de

280 2135 380 2182 qua
404 2134 431 2165 n
449 2127 473 2164 ε’
504 2114 666 2178 5746;
701 2113 831 2176 quod
854 2114 909 2161 fit
931 2129 957 2160 a
980 2113 1104 2159 bono
1126 2114 1178 2161 &
1202 2129 1309 2161 vero
1331 2128 1438 2175 quae
1462 2113 1678 2169 influunt,
1714 2113 1992 2175 significatur
2016 2132 2097 2176 per
2122 2117 2264 2164 tribu-

284 2198 417 2232 erunt
446 2182 542 2236 tibi,
577 2196 683 2228 nam
709 2178 1024 2242 Josephusest
1047 2177 1244 2226 Coeleste
1282 2195 1335 2227 ac
1357 2180 1538 2227 Bonum
1575 2179 1823 2235 internum,
1861 2198 1917 2227 n:
1947 2185 2090 2242 5805.
2113 2185 2261 2242 5826.

288 2254 434 2313 5827.
462 2247 604 2311 5869.
632 2248 778 2309 5877,
815 2260 892 2307 per
915 2243 1043 2314 quod
1069 2245 1242 2292 bonum
1266 2246 1315 2292 δι
1341 2262 1502 2293 verum
1542 2244 1738 2293 influunt
1773 2263 1799 2292 a
1832 2248 2061 2295 Domino.
2131 2249 2259 2298 Cum

286 2316 465 2364 influxu
492 2329 571 2377 per
593 2313 825 2360 Internum
848 2310 912 2358 ita
946 2311 988 2358 se
1011 2310 1163 2369 habet,
1202 2312 1435 2360 Dominus
1473 2313 1690 2358 continue
1730 2311 1882 2360 influit
1916 2330 1995 2376 per
2020 2314 2259 2364 internum

286 2381 491 2429 hominis
513 2394 616 2426 cum
641 2379 764 2425 bono
787 2378 837 2425 δε
861 2393 988 2435 vero,
1030 2377 1202 2425 bonurn
1233 2378 1311 2425 dat
1329 2378 1474 2425 vitam
1493 2379 1542 2426 δε
1561 2377 1654 2442 ejus
1677 2378 1892 2434 calorem,
1926 2379 2006 2442 qui
2023 2379 2086 2426 est
2111 2398 2258 2438 amor,

285 2463 448 2499 verum
473 2458 626 2493 autem
649 2444 726 2490 dat
743 2442 1083 2491 illustrationem
1102 2442 1258 2506 &ejus
1282 2445 1448 2500 lucem,
1482 2459 1588 2506 quae
1605 2443 1669 2490 est
1693 2444 1831 2497 fides·‚
1867 2445 1944 2491 sed
1972 2446 2166 2494 influxus
2184 2449 2260 2495 ille

286 2512 413 2577 apud
448 2511 589 2560 malos
611 2525 720 2558 cum
756 2509 906 2572 pergit
929 2511 1136 2565 ulterius,
1174 2526 1340 2573 nempe
1379 2513 1424 2558 in
1450 2511 1686 2564 exteriora,
1723 2511 1935 2558 resistitur
1970 2514 2019 2560 &
2047 2512 2258 2576 rejicitur,

284 2593 363 2628 aut
392 2578 661 2642 pervertitur
694 2575 768 2622 vel
806 2573 1064 2631 suffocatur,
1099 2578 1148 2624 δε
1174 2589 1278 2623 tunc
1303 2576 1552 2623 secundum
1579 2573 1887 2638 rejeetionem,
1927 2580 2258 2639 perversionem

283 2659 361 2694 aut
390 2643 756 2704 suffocationem,
783 2642 1054 2691 clauduntur
1094 2642 1319 2698 interiora,
1357 2655 1539 2706 patente
1580 2643 1723 2689 solum
1764 2643 1952 2690 introitu
1996 2645 2068 2690 hic
2103 2647 2153 2693 &
2193 2647 2260 2694 ibi

287 2714 401 2762 ficut
418 2727 498 2774 per
514 2710 648 2756 rimas
666 2707 986 2762 circumcirca·,
1022 2707 1127 2755 inde
1147 2709 1323 2755 homini
1348 2721 1550 2756 remanet
1572 2707 1755 2755 facultas
1777 2710 2008 2770 cogitandi
2029 2711 2076 2756 ὅτ.
2098 2711 2257 2759 volen-

287 2780 356 2835 di,
402 2777 476 2825 sed
522 2787 675 2823 contra
718 2788 882 2823 verum
912 2775 961 2822 δε
1008 2774 1182 2822 bonum
1203 2795 1218 2828 ·,
1266 2775 1337 2822 illa
1373 2774 1578 2822 occlufio⁶
1605 2782 1807 2836 penetrat
1846 2776 1995 2822 versus
2033 2778 2260 2827 exteriora

289 2843 437 2905 magis
461 2843 510 2888 δε
552 2841 697 2900 magis
722 2838 964 2887 secundum
991 2839 1131 2888 vitam
1165 2841 1292 2897 mali,
1329 2842 1380 2888 ὅτ
1416 2842 1521 2887 inde
1563 2840 1890 2903 persuasionem
1933 2841 2042 2896 falfi,
2079 2845 2128 2891 ὅτ,
2169 2846 2259 2892 hoc

286 2910 423 2975 usque
447 2908 505 2955 ad
530 2904 740 2961 sensuale,
775 2921 834 2952 ex
870 2921 966 2969 quo
987 2905 1094 2953 dein
1129 2906 1385 2967 cog'itati03
1420 2906 1678 2968 voluptates
1717 2906 1768 2953 &
1806 2909 2105 2971 appetitiones
2151 2915 2257 2959 tu'nc

287 2977 495 3031 auferunt
528 2987 695 3019 omne:
734 2970 778 3017 in
805 2971 880 3018 tali
906 2970 1017 3018 statu
1042 2972 1139 3019 sunt
1165 2973 1227 3019 illi
1251 2973 1330 3036 qui
1355 2975 1401 3019 in
1427 2970 1641 3026 infernis3
1678 2987 1784 3018 nam
1819 2975 1966 3030 malis,
2005 2977 2086 3038 qui
2128 2975 2172 3024 in
2197 2978 2262 3025 al-

289 3055 433 3089 teram
457 3040 599 3086 vitam
632 3037 836 3092 veniunt,
872 3036 1133 3085 auferuntur
1164 3038 1430 3086 intuitiones
1466 3038 1641 3087 honesti
1677 3039 1727 3085 &
1765 3039 1876 3089 boni
1913 3055 2101 3104 propter
2122 3042 2262 3101 lucra,

291 3109 481 3156 honores
504 3106 553 3153 ὅτ
577 3103 747 3150 famam
769 3124 783 3158 ·,
818 3103 869 3151 δε
890 3116 999 3151 tunc
1023 3104 1068 3150 in
1094 3103 1275 3151 sensuali
1302 3103 1415 3152 sunt.

359 3172 505 3236 6565.
546 3170 610 3220 Et
624 3185 742 3219 nunc
759 3169 915 3234 quaeso
930 3172 1118 3223 ,remitte
1137 3170 1744 3284 quaeiprraevaricationem
1760 3171 1994 3223 servorum
2018 3173 2107 3223 De.
2128 3174 2270 3239 patris

1356 3247 1413 3285 tt
1448 3251 1473 3285 2
2185 3241 2270 3299 tui,
