2670 3698
350 267 458 344 μ
786 247 1059 340 GE
1193 242 1482 332 NE
1613 243 2040 346 sss.

365 398 515 445 5091.
542 393 687 444 5092.·
714 393 860 442 5104.
885 393 944 441 52
954 396 978 443 3
987 395 1011 442 3
1032 397 1049 434 ς
1083 376 1213 442 quod
1237 355 1466 425 somnium
1486 374 1562 423 hic
1580 373 1847 439 praedicatio
1864 375 1935 431 sit,
1970 374 2106 423 etiam
2127 392 2150 425 a
2167 353 2361 443 sequenfi

356 450 485 496 tibus
508 460 647 510 patet,
682 447 728 494 in
754 446 932 510 somnio
949 446 1073 493 e'nim
1098 444 1375 509 praedietum
1399 442 1464 490 est
1485 441 1543 490 de
1566 441 1738 511 septem
1761 443 1889 490 annis
1906 442 2198 493 abundantiae
2219 461 2362 508 annm

364 532 458 574 nae,
494 515 545 562 δε
568 513 626 560 de
650 513 822 578 septem
846 511 973 560 annis
996 511 1145 561 famis,
2358 566 2361 574 Ε

433 596 526 642 525
535 598 578 644 3.
618 580 683 627 Et
706 582 1001 644 interpretans
1038 593 1177 644 nemo
1201 574 1331 633 illud,
1367 575 1504 642 quod·
1530 574 1751 638 significet
1776 574 2116 637 ignorationem
2148 576 2259 643 quid
2293 579 2363 628 inss

264 679 271 683 -
326 640 490 703 esset,
548 647 719 696 constat
758 662 814 694 ex
855 644 1179 710 significatione
1213 642 1514 707 interpretari,
1566 643 1693 706 quod
1728 643 1796 690 sit*
1818 642 1933 707 quid
1967 642 2139 700 inesset,
2187 636 2245 692 de
2268 660 2365 709 qua

363 731 418 761 n:
447 729 591 776 5093.
621 730 765 775 5¹05·
793 729 940 777 5107.
968 729 1117 775 5141,
1157 710 1260 759 inde
1285 710 1514 773 ignoratio
1532 709 1647 774 quid
1665 708 1821 756 inesset
1839 709 2118 772 fignificat-ur
2134 724 2217 773 per
2232 713 2357 778 quod

363 796 506 828 nemo
528 780 824 843 interpretans
842 778 972 828 illud.
1043 777 1181 838 Nemo
1205 777 1251 824 in
1277 776 1400 824 sensu
1422 777 1600 824 interno
1623 791 1715 823 non
1734 775 1797 822 est
1816 791 1953 823 nemo
1976 788 2056 824 aut
2079 777 2247 835 nullus,
2281 778 2366 832 sedi

363 847 430 894 est
463 861 586 893 mere
619 847 904 910 negativum,
943 845 1017 893 hic
1042 844 1145 899 ideo
1168 860 1262 900 non,
1299 844 1362 891 ita
1385 842 1513 908 quod
1541 858 1631 889 non
1657 842 1817 890 sciatur
1840 843 1912 904 seu
1937 843 2064 907 quod
2089 842 2367 905 ignoretur}

361 913 494 961 causa
517 912 597 968 est,
632 914 739 976 quia
765 905 958 960 insensu
983 911 1162 958 interno
1185 926 1279 958 non
1309 910 1458 974 aliqua
1481 909 1683 974 persona,
1718 911 1851 958 &ne
1873 909 2067 973 quidem
2090 910 2259 974 aliquid
2285 910 2364 958 de-

362 980 661 1027 terminatum
685 979 741 1026 ad
776 979 1015 1042 personam
1040 975 1279 1041 speftatun
1314 976 1521 1040 videatur
1545 993 1602 1023 n:
1632 991 1781 1038 5225,
1816 976 1867 1023 ὅτ
1900 977 1945 1023 in
1980 992 2094 1024 voce
2118 991 2259 1026 nemo
2282 989 2362 1025 aut

366 1046 516 1094 nullus
539 1046 707 1109 aliquid
744 1045 950 1109 personae
983 1046 1029 1091 in
1060 1043 1304 1091 communi
1337 1043 1613 1103 involvitur:
1638 1041 1739 1091 sunt
1761 1041 1843 1090 tria
1866 1041 1912 1089 in
1937 1058 2122 1106 genere,
2157 1060 2268 1107 quae
2300 1059 2368 1098 ex,

363 1112 492 1160 ¹sensu
519 1112 661 1160 literae
694 1113 834 1159 Verbi
860 1122 1064 1175 pereunt,
1101 1109 1216 1156 dum
1241 1111 1295 1158 fit
1318 1108 1464 1159 sensus
1488 1109 1705 1165 internuS,
1739 1124 1908 1172 nempe
1931 1109 1978 1156 id
2002 1109 2136 1174 quod·
2156 1109 2219 1157 est
2243 1121 2362 1158 tem·

329 1188 331 1191 “
365 1180 507 1243 poris,
546 1179 590 1226 id
616 1179 741 1242 quod
766 1179 829 1225 est
854 1178 1002 1241 spatii,
1037 1175 1157 1224 &id
1186 1175 1314 1239 quod
1339 1175 1403 1222 est
1433 1174 1671 1239 personae3
1706 1174 1836 1222 ca-'usa
1859 1174 1940 1232 est,
1977 1174 2084 1239 quia
2107 1177 2155 1223 in
2180 1177 2367 1226 mundo.

323 1263 332 1273 ¹
361 1245 585 1309 spirituali
612 1261 702 1292 non
740 1244 805 1297 est
841 1256 1036 1308 tempuS,
1073 1257 1154 1288 nec
1193 1239 1258 1288 est
1292 1241 1504 1304 spatium,
1539 1239 1638 1288 haec
1671 1241 1778 1288 bina
1811 1240 1910 1288 sunt
1947 1241 2144 1304 propria·
2170 1255 2364 1300 naturae.

359 1323 643 1377 quapropter
661 1310 800 1358 etiam
826 1310 883 1356 de
907 1308 1212 1356 morientibus
1234 1308 1417 1366 dicitur,
1453 1307 1581 1372 quod
1600 1323 1625 1354 e
1649 1319 1857 1370 tempore
1879 1307 2118 1364 excedant,
2157 1308 2207 1356 &
2230 1311 2374 1374 quod,

365 1380 622 1442 relinquant
647 1377 720 1425 illa
744 1392 852 1440 quae
885 1377 1107 1439 temporis
1143 1374 1280 1428 sunt3
1314 1373 1440 1441 qu'od
1477 1377 1524 1421 in
1548 1374 1728 1422 mundo
1759 1372 1977 1437 spirituali
2009 1389 2102 1422 non
2136 1370 2372 1438 speetatun

362 1445 536 1508 aliquid
555 1444 912 1496 determinatum
929 1441 985 1489 ad
1004 1440 1269 1505 personam,
1299 1440 1528 1496 eft-causa,
1564 1440 1672 1503 quia
1695 1439 1879 1488 intuitio
1895 1439 2101 1504 personae
2117 1443 2164 1489 in
2183 1442 2365 1506 loquela

364 1510 595 1558 contrahit
619 1509 769 1557 ideam
792 1509 843 1556 ὅτ
867 1509 1053 1564 limitat,
1086 1523 1184 1555 non
1206 1516 1361 1555 autem
1385 1507 1592 1556 extendit
1615 1507 1663 1555 ὅτ.
1688 1505 1965 1554 illimitatam
1991 1506 2170 1563 reddit3
2206 1521 2363 1557 exten-

365 1577 469 1625 sum
493 1575 841 1624 &illimitatum
860 1576 906 1622 in
925 1573 1102 1639 loquela
1124 1572 1230 1621 facit
1253 1572 1379 1638 quod
1404 1572 1670 1626 universalis>
1686 1572 1756 1628 fit,
1792 1574 1842 1625 ὅῑ
1866 1573 1991 1637 quod
2012 1573 2369 1625 innumerabilia·

362 1646 416 1693 &
438 1659 624 1707 quoque
648 1640 892 1690 inaffabilia
913 1640 1303 1705 comprehendat,
1328 1641 1378 1688 δε
1401 1640 1660 1705 exprimere
1683 1640 1847 1702 poffit3
1883 1640 2067 1704 loquela
2087 1639 2359 1705 angelorum

359 1710 472 1758 inde
505 1710 601 1757 talis
629 1708 711 1766 est,
744 1707 976 1772 imprimis
997 1707 1175 1771 loquela
1196 1707 1471 1771 angelorum
1496 1705 1771 1761 coelestium,
1805 1721 1920 1770 quoe
1950 1701 2378 1765 est-illimitata‚re-.

367 1776 584 1840 speffiw,
620 1776 726 1823 inde
743 1790 882 1823 omne
905 1772 1121 1822 sermonis
1142 1790 1303 1822 eorum
1323 1772 1539 1822 influitin
1560 1772 1806 1827 Infinitum
1829 1773 1880 1821 ὅτ
1896 1773 1945 1821 in
1962 1772 2228 1831 AEternum,
2251 1769 2382 1838 con-‚f

364 1845 602 1908 sequenter
624 1842 670 1889 in
694 1841 924 1890 Divinum
947 1839 1162 1891 Domini.
2317 1840 2321 1842 ⁷

436 1924 498 1973 52
506 1926 584 1971 54.
619 1908 685 1956 Et
717 1923 805 1972 ego
829 1907 983 1956 audivi
1009 1907 1142 1972 super
1160 1917 1224 1964 te,
1257 1906 1383 1971 quod
1408 1905 1634 1970 fignificet
1654 1904 1915 1956 facultatem
1937 1905 2132 1955 coelestis
2155 1904 2365 1971 spirituass

364 1976 455 2032 11s7,
488 1975 704 2032 dicendo,
739 1974 893 2023 audias
911 1974 1141 2022 somnium
1161 1972 1626 2037 adinterpretandum
1649 1971 1781 2030 illud,
1814 1972 1944 2037 quod
1962 1973 2364 2039 fignificetapper-

311 2092 316 2097 ,
362 2041 568 2106 cipiendi
590 2042 704 2105 quid
723 2041 923 2105 praevifis
941 2040 1070 2098 inest,
1106 2039 1279 2089 constat
1297 2055 1357 2088 ex
1378 2039 1708 2103 significatione
1728 2039 1886 2106 audire
1907 2039 2042 2104 super
2066 2051 2127 2097 te,
2162 2040 2289 2104 quod
2306 2041 2379 2091 fit-

365 2107 659 2173 appercipere
682 2109 732 2156 &
755 2107 878 2156 nosse
900 2107 1027 2173 quod
1052 2106 1152 2157 talis
1173 2107 1245 2164 fit,
1280 2107 1472 2171 proinde
1492 2106 1620 2171 quod
1645 2105 1860 2162 facultas,
1894 2104 2366 2172 exrepraesentatione

366 2173 579 2240 josephi,
613 2174 670 2223 ad
688 2190 831 2240 quem
854 2174 930 2238 illa
947 2173 1179 2232 dicuntur,
1213 2173 1343 2239 quod
1366 2172 1419 2221 fit
1438 2172 1620 2222 coeleste
1641 2172 1901 2237 spiritualis,
1938 2172 1996 2220 de
2017 2189 2110 2238 qua
2132 2188 2162 2220 n
2179 2189 2190 2219 :
2209 2173 2361 2233 4286.

369 2257 518 2306 4592.
538 2257 688 2306 4594.
708 2240 854 2306 4963.
877 2240 1024 2304 5086.
1048 2243 1193 2307 5087.
1221 2240 1387 2302 5106;
1421 2255 1479 2287 ex
1500 2239 1832 2304 significatione
1853 2239 2024 2297 audire,
2059 2238 2187 2305 quod
2210 2238 2305 2287 fita
2341 2267 2388 2280 --

368 2310 617 2373 percipere,
654 2308 711 2357 de
737 2323 826 2373 qua
849 2324 903 2356 n:
923 2322 1086 2370 50173
1120 2321 1178 2356 ex
1201 2306 1529 2371 significatione
1558 2306 1742 2364 somnii,
1775 2305 1902 2368 quod
1926 2304 1982 2354 fit
2001 2305 2271 2370 praevisum,
2337 2321 2368 2356 e

364 2391 461 2440 qua
483 2390 597 2423 mox
621 2373 753 2439 supra
775 2390 833 2422 n:
858 2389 984 2437 5252
1009 2395 1023 2429 3
1057 2375 1108 2422 δε
1131 2389 1190 2422 ex
1213 2372 1541 2438 significatione
1579 2371 1878 2437 interpretari,
1912 2372 2041 2437 quod
2065 2373 2120 2422 fit
2141 2370 2259 2437 quid
2290 2372 2366 2422 in-

368 2442 494 2499 esset,
526 2440 584 2488 de
601 2457 691 2506 qua
712 2440 849 2489 etiam
870 2441 998 2505 supra
1014 2457 1072 2489 n:
1093 2456 1222 2506 5253
1242 2462 1256 2497 3
1290 2440 1398 2488 inde
1415 2450 1562 2505 patet,
1597 2439 1728 2504 quod
1751 2454 1833 2503 per
1854 2453 1946 2503 ego
1962 2438 2122 2488 audivi
2145 2441 2278 2502 super
2299 2451 2365 2498 te,

367 2506 583 2563 dicendo,
617 2507 768 2557 audias
804 2506 1033 2556 somnium
1068 2506 1129 2555 ad
1160 2506 1553 2572 interpretandum
1575 2505 1710 2564 illud,
1744 2504 2026 2569 significetur
2052 2504 2241 2556 facultas
2269 2520 2369 2570 coeff

365 2573 486 2622 lestis
505 2573 736 2637 spiritualis
757 2573 1100 2638 appercipiendi
1124 2574 1237 2639 quid
1260 2573 1461 2639 praevifis
1482 2572 1610 2621 inest.
2362 2616 2365 2623 .

439 2655 587 2703 5255.
622 2639 686 2687 Et
709 2639 939 2704 respondit
958 2638 1134 2704 Joseph
1156 2640 1399 2698 Pharaoni,
1433 2639 1563 2704 quod
1583 2639 1807 2704 significet
1823 2637 2158 2703 cognitionem,
2191 2637 2367 2687 constat

367 2723 430 2756 ex
461 2705 790 2770 significatione
831 2706 1098 2770 respondere
1133 2707 1188 2753 ad
1219 2706 1398 2770 aliquid
1427 2721 1539 2754 cum
1570 2705 1893 2771 interrogatur,
1927 2706 2055 2772 quod
2077 2708 2133 2756 fit
2153 2706 2260 2755 dare
2281 2719 2367 2770 no-¹

370 2772 486 2821 vifl'e
509 2771 750 2837 quomodo
773 2772 815 2819 se
837 2771 989 2829 habet,
1024 2771 1218 2836 proinde
1236 2771 1467 2835 cognitio.

441 2839 587 2900 5256.
623 2837 850 2895 Dicendo,
886 2854 978 2886 non
1002 2839 1060 2886 ad
1084 2854 1178 2897 me,
1214 2838 1344 2902 quod
1371 2838 1596 2901 fignificet
1625 2838 1754 2904 quod
1779 2855 1873 2888 non
1905 2854 1965 2889 ex
1988 2839 2209 2888 'humano
2247 2840 2367 2900 solo,'

368 2903 575 2954 constare
599 2904 747 2967 potest
769 2920 827 2951 ex
849 2903 1179 2969 fignificatione
1195 2921 1289 2953 non
1312 2905 1369 2953 ad
1394 2920 1486 2962 me,
1521 2904 1594 2954 seu
1614 2922 1707 2956 non
1722 2907 1952 2972 pertinens
1968 2904 2024 2952 ad
2044 2904 2106 2962 se,
2140 2922 2246 2955 cum
2264 2908 2366 2971 agi-

370 2984 448 3020 tur
470 2971 528 3018 de
553 2971 783 3028 Domine,
818 2972 899 3036 qui
922 2973 1269 3035 repraesentatur
1289 2987 1372 3036 per
1399 2971 1682 3038 josephum,
1715 2972 1845 3038 quod
1868 2973 1924 3024 fit
1945 2986 2037 3019 non
2058 2987 2117 3020 ex
2152 2972 2365 3024 humano

374 3037 490 3094 solo,
526 3036 601 3083 sed
623 3052 680 3083 ex
706 3036 902 3094 Divino,
936 3053 1042 3085 nam
1068 3037 1298 3087 Divinum
1322 3037 1567 3102 praevidet,
1601 3039 1795 3104 proinde
1811 3038 1942 3086 novit
1955 3037 2230 3102 quidvinestt
2265 3041 2366 3089 Do-

372 3104 507 3153 mino
530 3103 655 3150 enim
686 3103 997 3152 Praevidentia
1019 3105 1069 3154 &
1094 3104 1387 3153 Providentia
1412 3103 1522 3162 fuit,
1556 3120 1661 3155 cum
1689 3107 1739 3154 in
1759 3104 1954 3161 mundo,
1987 3103 2175 3169 quidem
2198 3107 2247 3155 in
2276 3107 2369 3156 hu-

372 3183 533 3226 mane,
570 3169 645 3216 sed
662 3184 719 3216 ex
736 3170 928 3228 Divino,
962 3183 1008 3219 at
1021 3170 1151 3230 dein,
1185 3186 1292 3219 cum
1315 3170 1612 3235 glorificatus,
1646 3171 1712 3221 est
1727 3187 1786 3220 ex
1801 3171 1896 3221 solo
1911 3169 2108 3229 Divin0,
2132 3188 2238 3221 narn
2255 3173 2387 3222 Hu--

368 3251 566 3289 manum
601 3235 911 3316 glorificatum
943 3236 1008 3287 est
1042 3235 1307 3296 Di'vinum3
1339 3237 1596 3291 humanum
1630 3237 1678 3287 in
1709 3236 1753 3288 se
1781 3236 2032 3305 speetatum
2058 3253 2152 3288 non
2186 3238 2251 3288 est
2279 3240 2365 3289 nisi
2408 3237 2411 3240 ’

2215 3322 2372 3374 quam,
