2566 3640
283 210 1923 318 4541GENESIS.

289 346 473 394 ponunt
494 339 541 389 in
564 339 807 390 beatudine
832 340 1018 395 interna,
1056 337 1131 386 sed
1156 339 1203 386 in
1232 349 1433 395 externa,
1468 353 1636 403 nempe
1674 350 1726 389 ut
1747 339 1994 398 emineant,
2028 348 2174 408 utque
2197 336 2283 390 do:

295 411 544 468 minentur,
580 425 630 457 ac
655 408 899 456 serviantur
921 408 978 454 ab
999 405 1191 467 angelis,
1228 404 1290 452 ita
1325 404 1529 470 utsupra
1553 407 1742 468 angelos
1777 408 1884 466 sint,
1922 408 2114 471 proinde
2149 409 2280 474 prin-

295 475 420 538 cipes
439 477 488 523 &
508 487 736 538 magnates
751 475 797 522 in
821 472 944 522 coelo
963 492 980 528 ς
1015 487 1121 519 cum
1144 485 1295 536 tamen
1320 470 1553 519 beatitudo
1569 471 1764 522 coelestis.
1780 475 1851 530 fit,
1875 490 1968 523 non
1991 475 2109 524 velle
2131 475 2284 524 domi·

294 542 408 599 nari,
435 558 515 589 nec
530 541 680 589 serviri
704 542 761 588 ab
783 539 896 596 aliis,
923 538 994 587 sed
1013 536 1110 585 aliis
1129 537 1245 584 velle
1263 536 1443 602 servire,
1467 553 1517 585 ac
1531 537 1750 588 minimos
1770 540 1876 595 effe,
1899 553 1951 588 ut
1964 542 2099 591 docet
2112 542 2283 591 Domi·

297 623 398 656 nus.
447 617 478 638 ‘⁶
492 607 755 671 Acceffi’runt
771 606 960 668 Jacobus
982 604 1282 666 &Johannes,
1295 602 1386 663 filii
1401 603 1611 662 Zebedaei,
1630 604 1830 662 dicentes,
1854 605 1910 652 da
1923 607 2036 656 nobis
2050 619 2098 656 ut
2119 625 2229 658 unus
2248 627 2278 659 a

295 674 454 722 dextris
476 677 578 730 tuis,
614 674 670 722 ἑά
692 675 804 722 alter
824 688 853 719 a
855 671 1041 733 finistris
1063 673 1165 727 tuis,
1179 669 1398 734 sedeamus
1421 673 1466 718 in
1480 673 1624 734 gloria
1645 681 1724 720 tua
1737 690 1752 719 :
1773 671 1905 737 Jesus
1926 672 2035 721 dixit
2055 675 2161 734 illis,
2197 693 2279 727 non

280 740 405 801 scitis
427 739 532 803 quid
542 742 705 803 petitis,
731 739 879 802 sedere
897 755 925 785 a
947 737 1111 786 dextris
1134 738 1253 793 meis,
1290 737 1345 787 δέ*
1367 753 1395 784 a
1404 737 1590 798 sinistris
1612 738 1729 796 meis,
1763 754 1844 786 non
1889 738 1945 799 est
1979 755 2114 788 meum
2153 741 2281 803 dare,

282 806 363 867 sed
380 807 528 869 quibus
544 816 752 868 paratum
775 801 859 868 esti
887 805 1007 866 stitis
1027 803 1135 869 quod
1166 807 1236 869 qui
1260 804 1493 867 censentur,
1529 806 1742 868 imperare
1755 805 1973 870 gentibus,
2014 806 2280 861 dominentur

288 874 370 927 eis,
408 873 465 921 [9⁹
481 883 698 936 magnates
714 874 958 934 potestatem
981 870 1166 919 habeant
1188 872 1233 919 in
1254 886 1362 926 eas,
1396 886 1478 918 non
1500 871 1567 930 stc
1586 874 1671 920 eri-t
1703 874 1816 920 inter
1854 888 1967 928 vos·,
1990 873 2070 936 sed
2098 875 2280 940 quisqtcis

290 940 476 986 voluerit
498 940 573 1004 effe
598 955 776 1004 magnus
798 942 911 987 inter
939 954 1031 994 vos,
1066 940 1150 986 erit
1173 938 1362 999 minister
1380 938 1536 1000 vester,
1563 937 1620 988 ἑά
1635 939 1864 1003 quicunque
1884 939 2069 988 voluerit
2090 941 2280 1000 vestrum

288 1005 365 1068 effe
387 1008 573 1067 primus,
608 1007 691 1052 erit
715 1007 896 1054 omnium
918 1005 1078 1068 servus
1094 1021 1110 1051 .·
1143 1019 1244 1052 nam
1283 1003 1422 1053 Filius
1458 1006 1638 1054 hominis
1666 1020 1747 1053 non
1784 1008 1906 1054 venit
1944 1017 1994 1053 ut
2015 1007 2275 1067 ministretur

292 1072 374 1128 illi,
398 1072 477 1134 sed
496 1082 543 1120 ut
559 1072 761 1132 ministret
781 1070 813 1092 '’
838 1072 998 1119 Marc:
1025 1087 1086 1119 x:
1114 1087 1174 1133 35
1201 1070 1258 1118 ad
1281 1087 1328 1129 4.
1400 1071 1466 1121 Et
1489 1071 1618 1136 quod
1657 1071 1746 1118 illis
1769 1072 1945 1121 coelum
1971 1073 2039 1129 fit,
2073 1073 2157 1138 qui
2182 1073 2282 1122 abss-

292 1154 382 1201 que
407 1139 497 1187 fine
520 1137 896 1187 remunerationis
920 1137 1096 1186 bonum
1122 1135 1314 1193 faciunt,
1337 1137 1463 1201 apud
1475 1138 1655 1187 Lucam
1690 1144 1724 1168 “
1740 1137 1890 1186 Omnis
1911 1141 1984 1203 qui
2016 1139 2280 1190 exaltaverit

277 1205 479 1268 seipsum,
514 1205 826 1264 humiliabitur,
851 1204 930 1268 sed
948 1206 1017 1271 qui
1037 1203 1332 1254 humiliaverit
1345 1204 1542 1268 ftipsum,
1575 1203 1858 1257 exaltabitur.
1927 1206 2134 1273 Qando
2156 1206 2282 1261 fece--v

291 1272 350 1318 ris
374 1272 618 1335 prandium
649 1285 729 1320 aut
751 1287 948 1328 caenam,
984 1285 1040 1319 ne
1079 1286 1194 1319 voca
1227 1270 1399 1319 amicos
1439 1283 1559 1328 tuos,
1594 1285 1742 1336 neque
1781 1270 1936 1321 fratres
1968 1287 2088 1330 tuOS,
2124 1288 2283 1339 neque

290 1349 510 1399 cognatos
533 1351 652 1395 tuos,
685 1355 833 1404 neque
856 1340 1030 1387 vicinos
1059 1338 1245 1395 diviteS,
1277 1352 1335 1385 ne
1369 1336 1488 1387 forte
1510 1338 1649 1386 etiam
1689 1337 1755 1386 illi
1791 1350 1836 1387 te
1873 1339 2066 1388 viciffim
2090 1354 2281 1400 vocent,

248 1410 253 1415 “
281 1404 449 1469 fiatque
471 1405 549 1453 tibi
570 1404 797 1454 retributio
818 1426 834 1461 ;
868 1404 943 1452 sed
966 1403 1154 1469 quando
1175 1403 1330 1453 feceris
1352 1404 1645 1461 convivium,
1668 1419 1780 1453 voca
1805 1420 2038 1470 paupereS,
2075 1417 2286 1466 mancos,

289 1472 489 1528 claudos,
513 1484 677 1530 caecos,
701 1482 800 1521 tunc
820 1471 966 1520 beatus
986 1474 1088 1531 eris,
1124 1468 1223 1535 qula
1245 1487 1328 1519 non
1348 1471 1503 1521 habent
1523 1470 1583 1521 ad
1602 1469 1920 1521 retribuendum
1946 1472 2040 1531 tibi,
2065 1474 2275 1522 retribue-

286 1546 364 1585 tur
395 1537 475 1586 tibi
489 1539 788 1602 infierreblione
794 1538 1013 1602 justorum
1029 1536 1062 1557 '³
1098 1553 1219 1586 xw:
1266 1554 1340 1585 11.
1371 1554 1447 1587 12.
1481 1554 1496 1584 r
1507 1554 1554 1601 3.
1585 1554 1681 1597 143
1715 1539 1961 1587 retributio.
1990 1539 2037 1588 in
2062 1539 2279 1590 resurrec-

286 1605 411 1652 tione
427 1603 672 1669 justorum,
707 1605 772 1653 est
794 1604 979 1652 felicitas
1014 1603 1190 1666 interna
1229 1618 1288 1653 ex
1326 1601 1651 1666 benefaciendo
1688 1602 1867 1668 absque·
1895 1606 2280 1666 remuneratione,

282 1686 429 1735 quarn
451 1688 476 1719 a
502 1671 713 1720 Domino
736 1671 977 1735 accipiunt,
1010 1685 1118 1719 cum
1143 1668 1243 1719 usus
1263 1669 1476 1734 praestant
1491 1691 1508 1725 ς
1542 1670 1593 1718 δε
1626 1668 1709 1733 qui
1731 1667 1903 1718 servire
1932 1683 2086 1721 amant
2105 1672 2279 1739 absque

281 1737 599 1794 retributione,
632 1754 729 1802 quo
751 1738 856 1802 plus
894 1737 942 1784 id
964 1749 1139 1794 amant,
1171 1751 1230 1783 eo
1254 1735 1555 1784 nobilioribus
1590 1733 1741 1783 ufibus
1764 1736 2094 1800 praeficiuntur,
2129 1739 2181 1789 ec
2202 1755 2278 1789 ac-

281 1805 466 1852 tualiter
489 1804 648 1866 magni
673 1806 723 1852 &
747 1815 957 1867 potentes
980 1802 1083 1851 sunt
1104 1816 1201 1866 prae
1218 1800 1329 1850 aliis·
1398 1801 1495 1867 Qi
1521 1801 1643 1850 bona
1663 1816 1801 1866 opera
1817 1800 1994 1851 faciunt
2015 1803 2275 1855 retributio-

283 1870 353 1918 nis
375 1870 518 1927 causa,
559 1870 695 1919 etiam
718 1870 895 1928 dicunt,
927 1870 1038 1933 quia
1059 1868 1205 1918 sciunt
1226 1884 1285 1917 ex
1306 1867 1484 1927 Verbo,
1519 1867 1649 1934 quod
1673 1867 1856 1917 minimi
1897 1869 2044 1919 velint
2081 1870 2128 1918 in
2151 1872 2277 1923 coelo

280 1936 389 1993 effe,
422 1936 498 1984 sed
523 1950 630 1985 tunc
659 1938 883 2000 cogitant,
919 1949 973 1985 ut
994 1952 1075 2001 per
1098 1937 1162 1984 ita
1183 1935 1352 1993 dicere,
1387 1951 1461 1983 ma
1499 1937 1544 1984 ni
1571 1935 1701 1992 fiant,
1735 1934 1797 1984 ita
1836 1935 1976 2001 usque
2012 1937 2125 1986 inest
2146 1937 2275 1988 idem

283 2003 421 2058 finis;
461 2003 542 2068 qui
566 2016 723 2053 autem
745 2003 915 2069 absque
938 2003 1234 2052 retributione
1266 2001 1444 2051 bonum
1487 2001 1657 2059 aciunt,
1691 2000 1924 2051 ad‘tualiter
1943 2018 2037 2051 non
2061 2004 2272 2067 cogitant

281 2069 339 2118 de
361 2068 629 2127 eminentia,
671 2069 746 2119 sed
770 2070 916 2118 solum
940 2069 999 2117 de
1020 2068 1322 2118 inserviendo,
1378 2067 1636 2118 Videantur
1663 2083 1774 2131 quae
1796 2067 1923 2134 prius
1944 2069 2003 2116 de
2026 2071 2194 2125 merito
2215 2087 2276 2121 ex

277 2136 491 2200 operibus
510 2135 635 2184 dieta
657 2137 709 2186 δε
730 2135 902 2185 ostensa
924 2135 1056 2192 sunt,
1091 2149 1158 2194 ut,
1195 2135 1353 2201 quales
1369 2134 1436 2183 illi
1466 2133 1510 2184 in
1533 2134 1680 2203 ¹altera
1714 2135 1830 2194 vita,
1866 2135 1996 2199 quod
2024 2150 2274 2201 appareant

280 2201 423 2250 secare
446 2202 570 2266 ligna
602 2204 653 2252 ὅτ
676 2202 840 2252 serrare
863 2217 1074 2266 gramen,
1110 2219 1172 2251 n:
1204 2221 1221 2251 1
1239 2218 1348 2252 110.
1378 2219 1430 2251 11
1448 2219 1520 2252 11.
1547 2217 1675 2265 4943
1701 2221 1716 2255 ;
1749 2201 1992 2266 quomodo
2029 2204 2277 2266 repraesen-

281 2280 433 2317 tantur
455 2304 469 2325 ‚
506 2285 572 2317 n.-
601 2284 744 2334 ¹774·
771 2284 934 2334 2027,
968 2272 1050 2334 qui
1073 2269 1251 2318 bonurn
1290 2279 1482 2330 egerunt
1516 2266 1583 2315 sui
1623 2268 1675 2315 &
1715 2268 1882 2316 amoris
1923 2268 2086 2316 mundi
2125 2271 2273 2329 causa,

277 2335 410 2399 quod
433 2334 546 2385 nihil
568 2335 874 2386 retributionis
899 2352 982 2401 pro
1006 2338 1129 2384 bono
1151 2335 1232 2383 illo
1253 2333 1483 2398 occipiant
1504 2334 1552 2381 iu
1569 2333 1710 2382 altera
1733 2334 1844 2391 vita,
1882 2350 1911 2382 n
1931 2351 1944 2382 :
1987 2338 2110 2400 1835
2132 2353 2144 2384 :
2184 2336 2271 2403 qui

278 2401 497 2450 meritum
521 2415 703 2465 ponunt
726 2402 773 2450 in
795 2403 1029 2467 operibuS,
1062 2401 1189 2466 quod
1214 2400 1565 2466 interpretentur
1587 2401 1796 2449 Verbum
1820 2400 2068 2450 secundum
2090 2402 2270 2453 literam

281 2468 333 2516 in
354 2466 419 2515 sui
452 2466 675 2527 favorem,
710 2469 762 2518 δε
800 2470 931 2534 quod
970 2470 1183 2517 interiora
1214 2466 1311 2533 ejus
1349 2466 1633 2531 subsannent,
1671 2483 1734 2515 n:
1768 2480 1912 2532 1774.
1943 2470 2067 2531 1877
2090 2488 2107 2523 3
2142 2470 2272 2535 quod

281 2549 389 2581 vera
410 2532 601 2582 charitas
625 2537 678 2582 fit
708 2534 872 2598 absque
911 2536 1043 2584 omni
1084 2533 1337 2592 meritorio,
1378 2550 1442 2583 n:
1468 2549 1614 2597 2340.
1642 2549 1668 2581 2
1676 2548 1788 2598 373.
1815 2549 1962 2594 2400.
1990 2535 2150 2598 3316:
2183 2535 2268 2602 qui
2342 2566 2346 2570 ,

279 2601 482 2664 separant
504 2601 648 2649 fidem
671 2617 697 2648 a
718 2601 953 2661 charitate,
989 2601 1116 2667 quod
1143 2600 1308 2650 faciant
1330 2616 1492 2665 opera,
1523 2615 1632 2665 quae
1654 2602 1877 2658 fecerunt,
1913 2601 2167 2660 meritoria,
2203 2619 2265 2652 n:

282 2682 410 2728 2373
449 2663 498 2713 f:
533 2667 614 2732 qui
640 2668 811 2716 intrant
834 2669 881 2716 in
916 2669 1112 2725 coelum,
1181 2667 1272 2716 uod
1312 2678 1478 2717 exuant
1516 2665 1759 2731 proprium
1800 2667 1852 2715 ὅτ
1889 2665 2122 2724 meritum,
2157 2683 2184 2716 a
2211 2669 2270 2726 se,

280 2750 311 2780 n
328 2749 344 2779 .·
367 2746 495 2794 4007
521 2731 570 2779 f:
605 2734 786 2781 credere
808 2733 934 2799 quod
953 2734 1129 2783 bonum
1171 2733 1319 2783 aciant
1340 2749 1398 2781 ex
1422 2732 1484 2789 se,
1507 2736 1558 2782 δε
1573 2732 1704 2797 quod
1726 2748 1807 2798 per
1827 2733 2006 2782 bonum
2030 2733 2140 2781 illud
2165 2749 2261 2781 me-

282 2810 476 2854 reantur,
513 2799 642 2863 quod
678 2798 731 2848 fit
768 2800 892 2864 apud
929 2800 1167 2865 plerosque
1211 2799 1259 2848 in
1299 2799 1527 2865 principio
1569 2798 1925 2858 reformationis,
1954 2799 2031 2847 sed
2062 2798 2185 2863 quod
2218 2798 2268 2847 id

280 2875 471 2921 exuant,
510 2865 618 2914 ficut
640 2879 978 2930 regenerantur,
1001 2883 1063 2916 n:
1089 2882 1238 2930 4175.

345 2932 492 2994 6394.
528 2931 590 2979 Et
612 2931 695 2980 erit
716 2932 891 2982 tributo
912 2933 1123 2992 servienS,
1158 2932 1285 2998 quod
1309 2931 1532 2996 significet
1552 2946 1601 2982 ut
1625 2942 1868 2989 mereatur,
1893 2929 2018 2997 quod
2040 2928 2265 2995 significet

280 2996 368 3044 effe
393 2998 563 3043 tributo
587 2996 793 3056 serviens,
827 3001 956 3064 quod
978 3000 1033 3049 fit
1053 2999 1306 3062 subjeetum
1327 3001 1417 3048 effe
1440 2998 1490 3047 &
1514 2997 1676 3047 servire
1696 3019 1712 3054 ς
1745 2999 1798 3047 &
1819 2999 1927 3062 quia
1949 2995 2008 3045 de
2037 2996 2144 3053 inis,
2179 2994 2264 3062 qui

282 3062 443 3111 mereri
469 3062 630 3112 volunt
654 3081 732 3127 per
755 3081 912 3130 opera,
937 3066 1116 3123 dicitur,
1140 3066 1271 3131 quod
1293 3065 1379 3114 sint
1401 3064 1514 3113 asini
1529 3063 1670 3123 offei,
1689 3065 1902 3113 cubantes
1925 3062 2039 3111 inter
2062 3061 2267 3122 sarcina-01,

278 3130 333 3176 &
355 3127 480 3191 quod
506 3127 691 3176 inclinet
713 3129 956 3180 humerum
981 3131 1036 3180 ad
1060 3131 1376 3195 bajulandum,
1417 3131 1554 3180 etiam
1587 3146 1668 3195 per
1708 3130 1880 3177 tributo
1914 3128 2184 3177 servientem
2220 3145 2268 3177 e-

281 3195 412 3253 tiam,
433 3193 736 3258 fignificantur
747 3199 828 3262 qui
842 3214 922 3265 per
934 3213 1070 3264 opera
1083 3199 1247 3254 mereri
1261 3197 1444 3258 volunt,
1457 3213 1567 3248 nam
1580 3197 1707 3263 quod
1720 3196 1786 3244 illi
1802 3195 1886 3246 fint
1896 3195 2073 3247 servitia
2084 3197 2266 3310 igfima,

1374 3274 1380 3281 ·
1798 3275 1802 3279 ·
2053 3277 2102 3310 vi
2137 3275 2263 3312 eatur
