2566 3640
315 219 626 291 CAPUT
640 215 1510 305 QUADRAGESIMUM
1539 194 2038 287 ocTAVUM'.
2135 239 2286 307 407

280 348 435 414 liquos
457 347 623 413 Jacobi
661 345 782 395 filios
816 346 987 410 recepti
1013 346 1133 404 sunt,
1169 347 1221 394 &
1249 345 1361 395 facti
1403 345 1594 403 Tribus,
1628 361 1716 395 una
1739 346 2015 403 MenaschiS,
2050 347 2099 394 &
2134 348 2277 396 altera

282 409 547 479 Ephralmi,
581 414 633 462 ὅτ
654 428 761 461 cum
786 410 872 458 illis
893 412 1225 462 constituebant
1247 412 1495 462 duodecim
1520 412 1711 468 TribuS‚
1745 413 1931 476 quando
1954 413 2125 471 Tribus
2146 415 2274 463 Levi

263 481 391 546 'quia
421 478 721 528 sacerdotium
742 477 877 535 faeta,
912 494 1006 527 non
1030 492 1260 528 numerata
1283 479 1365 535 est,
1398 496 1505 544 quae
1530 478 1839 529 haereditatem
1874 479 2041 529 sortitae
2065 479 2183 537 sunt,
2207 480 2267 528 de

277 562 369 611 qua
390 546 512 612 apud
535 545 743 606 Josuam,
779 545 831 593 &
853 561 1041 610 quoque
1063 546 1185 610 apud
1213 546 1504 594 Ezechielem
1530 544 1653 609 Cap:
1679 561 1860 596 xtvur.

352 617 500 673 6284.
534 613 598 661 Et
626 627 797 660 nomen
823 625 1004 674 patrum
1035 628 1246 660 meorum
1269 612 1526 661 Abrahami
1549 613 1600 660 &
1623 610 1846 672 Jischaki,
1879 611 2006 675 quod
2042 611 2273 676 significet·

279 685 330 732 &
353 681 488 747 quale
510 680 620 728 boni
642 681 693 728 &
717 679 814 725 veri
837 678 1019 735 interni,
1052 675 1229 727 constat
1244 695 1268 726 a
1289 678 1612 741 fignificatione
1634 678 1849 734 nomini3‚
1885 679 2013 742 quod
2037 680 2089 726 fit
2111 679 2273 743 quale,⁵

276 765 331 801 ut
354 765 467 797 mox
490 745 623 810 supra
645 762 701 793 n:
726 745 854 807 6283
874 766 888 799 ς
924 746 974 793 &
998 760 1056 792 ex
1078 744 1476 809 repraesentatione
1515 743 1769 792 Abrahami
1794 746 1845 793 &
1867 743 2088 804 Jischaki,
2111 747 2265 810 ⁴quod

272 819 362 867 fint
382 816 571 863 Bonum
588 814 640 861 δι’.
661 810 1104 866 Verumlnternum‚
1139 813 1200 858 dc
1222 827 1312 875 qua
1334 810 1541 873 supran:
1568 812 1598 860 6
1607 810 1715 873 276.
1753 810 1986 858 Internum
2005 810 2186 860 Bonum
2207 813 2259 861 δεῖ

275 884 454 932 Verum
475 890 609 927 erunt
631 879 680 925 in
704 878 828 924 bono
848 877 901 925 ὅτ
922 893 1035 925 vero
1051 888 1264 935 externo,
1289 890 1342 926 ut
1365 877 1466 924 haec
1484 876 1569 924 fint
1592 876 1767 922 bonum
1790 877 1839 924 δε
1863 893 2044 933 verum,
2066 894 2188 937 *nam
2207 891 2262 927 ut

273 948 408 1014 supra
423 963 479 994 n:
505 947 599 1006 627
606 959 658 1005 5,
687 942 868 991 didtum
886 941 973 1000 est,
1006 958 1100 990 non
1118 941 1183 989 est
1199 942 1461 990 Externum
1485 941 1564 988 nifi
1590 940 1842 990 formatum
1866 942 2120 1007 quoddam,
2154 944 2271 1001 tale„

274 1027 331 1064 ut
353 1015 422 1064 ibi
439 1012 675 1060 Internum
703 1010 843 1073 poffit
871 1007 977 1066 effe,
1011 1009 1062 1057 &
1087 1007 1346 1056 secundum
1373 1009 1600 1056 influxum
1622 1008 1668 1054 in
1693 1007 1736 1055 se
1759 1024 1783 1054 a
1808 1009 2017 1058 Domino
2042 1010 2104 1057 ibi
2127 1027 2260 1071 agere

269 1080 453 1134 vitam3
489 1078 723 1127 Internum
747 1075 885 1123 etiam
905 1090 988 1123 nec
1011 1075 1135 1125 aliud
1159 1075 1223 1123 est
1246 1074 1493 1140 respefflve
1515 1074 1570 1121 ad
1599 1073 1878 1137 supremum,
1913 1075 2040 1138 quod
2065 1076 2125 1122 est
2152 1078 2267 1125 Do·-

273 1139 444 1203 minus,
481 1144 586 1192 inde
617 1157 758 1191 omne
793 1143 941 1196 vitae;
977 1143 1027 1190 &
1049 1156 1159 1206 quae
1182 1140 1296 1190 infra
1320 1141 1435 1198 sunt,
1473 1140 1616 1189 modo
1654 1140 1759 1188 sunt
1792 1141 1958 1191 formae
1993 1142 2260 1207 recipientes

270 1213 388 1261 vitae
408 1227 489 1276 per
511 1208 680 1275 gradus
704 1209 748 1258 in
767 1207 851 1256 suo
871 1207 1029 1256 ordine
1046 1207 1185 1271 usque
1207 1207 1262 1255 ad
1281 1208 1523 1265 ultimum,
1551 1206 1683 1271 quod
1706 1205 1772 1254 est
1795 1207 1991 1273 Corpus.

345 1280 492 1339 6285.
527 1277 591 1324 Et
613 1273 807 1323 crescant
829 1273 886 1320 ad
911 1274 1258 1322 multitudinem
1282 1275 1329 1321 in
1352 1274 1507 1322 medio
1529 1286 1675 1329 terrae,
1709 1274 1836 1336 quod
1857 1275 2085 1338 fignificct
2107 1287 2270 1324 exten-r

272 1345 446 1393 sionem
469 1343 529 1391 ab
552 1343 737 1398 intimo,
770 1339 941 1388 constat
965 1357 991 1388 a
1014 1340 1345 1400 fignificatione
1382 1339 1543 1396 medii,
1577 1340 1702 1401 quod
1727 1341 1784 1386 fit
1807 1339 2045 1396 intimum,
2082 1341 2140 1389 de
2162 1359 2257 1407 qua

273 1428 332 1459 n:
360 1426 508 1473 2940.
529 1423 672 1473 2973-
695 1409 841 1456 6068.
869 1407 1016 1468 6084.
1041 1406 1167 1469 6103
1191 1427 1208 1462 ·,
1245 1407 1351 1455 inde
1385 1405 1624 1454 crescentia
1646 1407 1692 1452 in
1719 1405 2070 1455 multitudinem
2093 1408 2158 1456 est
2180 1425 2269 1457 ex·-

228 1494 235 1501 ·
269 1471 414 1526 tenfio
434 1485 457 1531 ·,·
474 1490 588 1523 rvera
610 1475 754 1530 enim,
788 1489 897 1538 quae
913 1489 993 1537 per
1007 1472 1355 1522 multitudinem
1379 1472 1705 1535 fignificantur,
1739 1474 1796 1519 ab
1821 1472 2004 1529 intimo,
2040 1485 2090 1521 ut
2107 1489 2132 1521 e
2149 1491 2267 1522 cen--

270 1556 360 1600 tro,
394 1540 437 1589 se
457 1541 742 1589 circumcirca
777 1539 1060 1593 extendunt;
1095 1539 1147 1587 &
1176 1556 1272 1604 quo
1306 1537 1455 1604 major
1478 1538 1678 1586 extentio
1711 1538 1818 1584 inde
1846 1538 1927 1596 est,
1962 1540 2013 1587 &
2036 1539 2136 1587 haec
2159 1557 2267 1605 quo⁴

271 1609 438 1658 melius
460 1606 707 1656 secundum
736 1605 949 1653 ordinem
984 1605 1235 1662 coelestem,
1269 1619 1327 1652 eo
1358 1603 1605 1668 perfectior
1638 1604 1777 1652 status
1798 1603 1897 1659 est;
1931 1605 2008 1652 hic
2029 1604 2165 1654 status
2188 1608 2262 1655 est:

266 1675 351 1738 qui
384 1673 666 1736 fignificatur
702 1687 782 1735 per
817 1671 905 1720 hoc
927 1669 1268 1729 benedictionis,
1302 1682 1355 1719 ut
1377 1670 1575 1719 crescant
1604 1670 1663 1718 ad
1702 1670 2057 1721 multitudinem·
2084 1672 2131 1720 in
2153 1690 2263 1737 nie-f

267 1742 350 1790 dio
375 1752 519 1788 terrae.

335 1805 480 1855 5286.
517 1803 655 1852 Vers:
686 1817 758 1867 17.
790 1806 863 1852 18⁷.
895 1819 969 1868 19.
1009 1819 1089 1851 20.
1160 1802 1226 1850 Et
1246 1801 1359 1851 vidit
1380 1801 1551 1865 Joseph,
1585 1801 1698 1866 quod
1721 1803 1862 1865 peficit
1894 1812 2026 1864 pater
2046 1804 2135 1867 ejus
2157 1822 2253 1854 ma-

265 1889 368 1922 num
388 1871 584 1919 dextram
609 1870 736 1932 fitam
760 1870 895 1931 steper
916 1871 1055 1932 capite
1077 1868 1323 1932 Ephraimi,
1359 1868 1416 1918 δ’
1438 1870 1597 1918 malum
1621 1870 1720 1933 suit
1740 1869 1932 1918 enecatis
1955 1871 2057 1934 ejus,
2093 1871 2151 1921 ξεῖ
2171 1886 2258 1935 ap‘

263 1937 489 2001 prehendit
506 1951 679 1985 manum
687 1938 834 1998 patris
846 1935 920 1996 stoi
939 1933 1000 1982 'ad
1021 1930 1317 1984 removendum
1334 1935 1455 1983 illa—m
1490 1952 1520 1982 a
1529 1937 1664 1997 sttper
1685 1936 1825 1995 capite
1843 1936 2088 1996 Ephraimi,
2114 1938 2252 2001 super

267 2013 397 2066 eaput
421 2002 680 2065 Menaschis.
746 2003 811 2049 Et
831 2001 938 2049 dixit
959 2001 1118 2064 Joseph
1145 2000 1207 2048 ad
1221 2011 1391 2064 patrem
1419 2002 1565 2062 suum,
1601 2017 1681 2049 non
1703 2004 1768 2048 ita
1788 2011 1916 2062 pater
1937 2005 2013 2058 mi,
2047 2006 2145 2067 quia
2177 2006 2262 2053 hic·

264 2071 585 2134 primogenitus,
617 2081 723 2133 pene
752 2066 948 2115 dextram
985 2077 1105 2116 tuam
1132 2069 1269 2130 super.
1287 2070 1425 2130 capite
1447 2067 1553 2130 eius.
1625 2069 1689 2114 Et
1719 2069 1863 2115 renuit
1878 2077 2011 2130 pater
2039 2070 2150 2132 ejus,
2189 2072 2261 2121 &⁹

266 2136 396 2193 dixit,
424 2135 510 2197 scio
515 2133 589 2194 fili
610 2136 686 2190 mi,
710 2134 816 2194 scio,
853 2136 980 2181 etiam
1003 2135 1179 2181 hicterit
1200 2134 1262 2181 ad
1271 2135 1488 2197 populum,
1525 2132 1729 2182 &etiam
1763 2134 1834 2181 hic
1864 2149 2039 2196 magnus
2050 2134 2150 2194 fiet,
2187 2138 2256 2196 &j

261 2210 545 2252 veruntamen
564 2201 713 2261 frater
734 2201 822 2263 ejus
845 2202 985 2247 minor
1014 2215 1197 2262 magnus
1208 2200 1290 2261 fiet
1319 2215 1415 2264 proe
1430 2200 1526 2256 illo,
1561 2199 1618 2248 &²
1627 2200 1768 2260 fimen
1789 2200 1907 2248 illius
1927 2203 2260 2262 eriteplenitudoae

257 2271 465 2334 gentium.
535 2268 600 2315 Et
635 2265 839 2314 benedixit
879 2265 966 2314 ille‘s
987 2268 1034 2315 in
1057 2265 1124 2313 die
1145 2267 1235 2322 hoc,
1270 2266 1454 2322 dicende,
1490 2270 1535 2314 in
1563 2275 1605 2314 te
1628 2265 1833 2313 benedicet
1866 2266 2016 2327 Israel,
2052 2267 2240 2327 dicendo,

266 2344 398 2398 ponat
419 2344 462 2380 te
477 2334 599 2383 Deus
621 2333 737 2393 ficut
777 2331 1060 2395 Ephraimum
1083 2331 1263 2393 &sicut
1283 2333 1540 2396 Menafthen
1556 2350 1572 2380 :
1607 2331 1664 2382 es?
1682 2334 1818 2396 posuit
1840 2332 2123 2394 Ephe-aientem
2144 2347 2259 2384 ante·

265 2400 539 2462 Menasehen.
610 2399 676 2446 Et
698 2398 816 2447 vidit
840 2398 1014 2462 Joseph
1036 2399 1165 2464 quod
1191 2399 1343 2463 posuit
1377 2413 1501 2464 pater
1522 2398 1614 2461 ejus
1638 2399 1847 2445 dextram
1871 2399 1994 2446 suam
2019 2399 2149 2464 super
2170 2401 2268 2455 cro-⁷¹

264 2466 361 2529 pite
387 2466 631 2528 E'phraimi
655 2464 878 2527 fignificat
901 2465 1304 2529 apperceptioncm
1337 2466 1464 2530 quod
1490 2466 1645 2529 primo
1667 2464 1778 2529 loco*
1792 2478 2018 2527 reputaret
2040 2482 2203 2517 verum
2223 2487 2238 2517 :

264 2535 314 2580 δι
339 2535 514 2580 malum
537 2530 627 2579 fuit
645 2530 690 2577 in
707 2531 851 2579 oculis
868 2530 980 2594 ejus,
1018 2532 1241 2593 significat
1257 2531 1618 2594 displicentiam:
1655 2530 1705 2578 &5
1727 2531 2032 2593 apprehendit
2049 2548 2249 2583 manum·

265 2600 403 2664 patris
428 2597 510 2653 sui,
547 2596 768 2658 fignificat
786 2597 1023 2646 influxum
1049 2598 1094 2644 in
1120 2597 1373 2661 potentiam
1405 2594 1887 2660 apperceptionisejus
1907 2597 2144 2647 obseurae:
2179 2601 2239 2649 ad

266 2663 609 2712 removendum
625 2662 750 2721 illam
769 2679 794 2709 a
816 2664 942 2726 ἥιρει·
957 2663 1103 2725 capite
1122 2662 1515 2726 E‘phraimilsuper
1545 2673 1684 2726 caput
1707 2661 1980 2721 Menaschis,
2015 2662 2252 2728 fignifioet:

262 2731 319 2779 ad
360 2728 682 2776 declinandum
721 2744 824 2777 eum
855 2729 913 2785 ab
936 2744 1108 2777 errore:
1146 2731 1195 2778 ὅτ.
1230 2730 1348 2778 dixit
1369 2728 1540 2793 Joseph
1569 2729 1626 2776 ad
1662 2741 1834 2791 patrem
1859 2727 2006 2786 suurn,
2045 2747 2137 2778 non
2173 2735 2247 2782 ita„

263 2810 392 2861 pater
417 2796 501 2853 mi,
538 2794 646 2858 quia
669 2794 1119 2858 hicprimoge-nitus,
1157 2796 1378 2859 fignificat
1402 2795 1624 2843 influxum
1666 2795 2010 2858 perceptibilem
2034 2796 2091 2844 de
2114 2798 2254 2848 bono·

263 2862 392 2928 quod
416 2863 456 2908 ei
480 2860 717 2926 prioritas:
754 2875 875 2924 pone
909 2861 1116 2908 dextram
1141 2860 1274 2925 super
1295 2862 1443 2925 capite
1465 2860 1575 2926 ejus,
1612 2860 1830 2922 fignificat
1851 2862 1980 2924 quod
2004 2861 2063 2909 fic
2087 2866 2252 2917 primo

264 2929 400 2977 loco:
437 2929 487 2976 δι
510 2927 658 2974 renuit
679 2938 806 2990 pater
827 2924 944 2989 ejus,
979 2927 1199 2988 fignificat
1221 2943 1313 2976 non
1343 2925 1637 2976 consensum:
1674 2927 1724 2974 &
1746 2926 1881 2983 dixit,
1918 2926 2026 2984 seio,
2060 2929 2128 2976 fili
2154 2932 2251 2987 mi,

237 2990 372 3051 ‘stim
419 2993 642 3055 fignificat
676 2991 802 3055 quod
827 2993 888 3039 ita
911 2993 982 3048 fit,
1017 2991 1091 3040 sed
1114 2993 1241 3056 quod
1280 3005 1494 3057 appareat
1527 2992 1684 3039 aliter:
1719 2994 1859 3039 etiam
1883 2992 1956 3040 hic
1978 2995 2066 3041 erit
2084 2995 2130 3042 in
2156 3013 2240 3060 po·

267 3060 450 3123 pulum,
486 3060 535 3108 &
559 3057 698 3106 etiam
724 3059 796 3105 hic
820 3073 1011 3122 magnus
1034 3059 1131 3114 fiet,
1180 3059 1404 3122 fignificat
1430 3059 1555 3123 quod
1584 3073 1745 3105 verum
1769 3072 1827 3105 ex
1850 3058 2135 3110 bor-‚o'etiam
2160 3079 2237 3109 au-

269 3122 563 3185 gebitur„ita
584 3123 776 3173 coelestis
801 3124 974 3172 homo:
1010 3125 1062 3172 ὅτ
1102 3138 1401 3173 veruntamen
1438 3125 1570 3172 frater
1606 3123 1698 3187 ejus
1733 3124 1888 3172 minor
1925 3141 2121 3189 magnus
2160 3128 2250 3176 fiet:

265 3204 366 3256 με
387 3190 489 3251 ino,
514 3189 742 3256 fignificat
764 3190 893 3257 quod
911 3191 1089 3241 bonum
1104 3206 1164 3241 ex
1185 3206 1293 3240 uero
1311 3191 1412 3256 plus
1436 3191 1698 3240 incrementi
1720 3191 1899 3256 capiet„
1923 3191 1983 3242 ira
2003 3193 2240 3256 spiritualis

758 3296 766 3302 .
1286 3268 1293 3277 “
2063 3259 2207 3307 homo
2228 3277 2250 3305 ε»
