2606 3646
313 255 473 330 ⁷212
645 250 707 320 *G
848 249 916 319 E
1048 246 1139 320 N
1268 248 1360 318 E*
1464 249 1546 319 ,S‘
1651 248 1731 318 I'
1827 251 1892 321 S.

330 383 509 468 cend0‚
546 379 584 433 fi
615 396 719 432 non
753 377 997 431 reduxero
1033 377 1184 430 illum
1207 377 1268 430 ad
1308 389 1382 448 te,
1425 376 1483 431 ὃζ
1512 361 1729 450 peecabo
1759 374 1894 453 patri
1923 398 2038 438 meo
2072 381 2314 438 omnibus
2362 390 2372 396 ’

311 459 513 599 diff?
515 496 522 502 .
538 525 615 578 Et
650 540 783 577 nunc
806 536 1004 577 maneat
1035 520 1208 594 quaeso
1239 521 1406 578 servus
1433 535 1556 577 tuus
1584 525 1700 599 loco
1724 526 1865 597 pueri
1888 524 2060 582 servus
2098 527 2312 582 domino

334 619 466 670 mee,
507 599 564 651 δί
589 615 713 667 puer
737 595 964 650 ascendat
988 615 1103 649 cum
1127 595 1363 649 fratribus
1389 594 1501 650 suis.

412 692 495 742 34.
541 671 679 740 Quia
713 671 968 740 quomodo
1005 668 1261 722 ascendam
1286 670 1349 722 ad
1375 666 1575 740 patrem
1615 689 1800 738 meum,
1838 670 1895 724 ὃζ
1928 689 2052 742 puer
2079 689 2184 740 non
2221 675 2315 731 ille

332 764 453 799 cum
476 763 572 813 me,
615 741 745 796 forte
771 743 947 797 videro
969 743 1178 817 malum)
1216 743 1352 815 quod
1375 742 1595 798 inveniet
1622 756 1814 816 patrem
1840 762 2021 798 meum.

839 870 1814 946 co·N'TENT·A.

340 1040 499 1110 5728,
679 1035 836 1090 Gitur
881 1036 935 1088 in
970 1037 1070 1089 hoc
1113 1034 1296 1106 Capite
1334 1034 1389 1087 in
1428 1033 1567 1089 sensu
1611 1037 1814 1090 interno
1851 1036 1914 1091 de
1959 1035 2140 1090 Medio
2185 1039 2317 1094 inter

714 1110 980 1163 Internum
1003 1108 1267 1161 Coelestem
1290 1109 1561 1177 hominem,
1600 1109 1658 1162 &2
1683 1110 1969 1168 Externum
1987 1108 2317 1169 Naturalemz

340 1186 561 1258 primum
578 1185 712 1257 quod
736 1182 976 1238 Internus
1003 1180 1208 1234 coelestis
1234 1181 1391 1234 homo
1414 1181 1647 1235 Medium
1674 1183 1810 1236 Vero
1832 1181 2079 1254 spirituali
2098 1201 2126 1235 a
2148 1182 2196 1238 se
2215 1186 2316 1238 im-

341 1260 581 1332 pleverit.
656 1255 888 1326 Medium
909 1250 981 1310 est
1005 1251 1284 1326 Benjamin,
1324 1253 1519 1308 Verum'
1541 1253 1798 1342 spirituale
1833 1256 1969 1325 quod
2005 1257 2142 1329 apud
2167 1258 2318 1312 illum.

340 1333 412 1385 est
432 1330 693 1402 schyphus
707 1341 970 1399 argenteus
994 1325 1244 1398 Josephi3
1285 1326 1519 1382 Internus
1538 1329 1744 1387 coelestis
1765 1331 1927 1383 homo
1945 1329 2016 1382 est
2034 1327 2074 1399 J
2075 1327 2318 1403 osephus3

343 1404 604 1458 Externus
623 1404 869 1456 naturalis
891 1403 1048 1456 homo
1072 1399 1192 1453 sunt
1215 1401 1383 1453 decem
1407 1400 1503 1455 filii
1526 1400 1726 1471 Jacobi.

415 1495 482 1547 57
492 1496 519 1531 2
526 1496 571 1550 9.
615 1475 810 1546 Agitur
825 1475 939 1527 dein
959 1476 1021 1527 de
1035 1472 1088 1526 T
1088 1473 1346 1527 entatione
1361 1473 1575 1528 Externi
1591 1474 1858 1528 Naturalis
1874 1474 2108 1545 hominiS‚
2141 1477 2198 1530 ὅζ
2217 1479 2320 1531 hoc

344 1548 499 1621 usque
517 1552 643 1603 dum
661 1548 709 1602 se
731 1546 1044 1601 submiserint
1068 1545 1279 1602 Interno
1298 1547 1482 1600 coelesti
1502 1566 1561 1601 ex
1582 1546 1874 1618 spontaneo,
1949 1546 2004 1601 T
2003 1550 2199 1603 entatio
2221 1552 2317 1612 de-

340 1623 577 1677 scribitur
603 1640 690 1693 per
715 1622 854 1691 quod
886 1619 1096 1673 incusati
1134 1618 1254 1691 fint,
1295 1618 1354 1672 &
1377 1622 1514 1692 quod
1537 1620 1591 1673 in
1613 1619 1955 1693 desperatione
1991 1622 2225 1683 redierint
2250 1623 2316 1675 ad

348 1695 631 1769 josephum
651 1717 666 1764 3
705 1693 956 1751 submiflio
980 1714 1041 1747 ex
1065 1691 1346 1763 spontaneo
1381 1692 1678 1767 describitur
1708 1712 1797 1766 per
1835 1693 1972 1765 quod
1997 1712 2167 1749 omnes
2188 1695 2237 1750 se
2259 1697 2311 1749 in

360 1786 511 1822 ervos
537 1769 840 1836 obtulerint,
886 1766 943 1820 ὃζ
972 1784 1067 1837 pro
1100 1767 1200 1818 illis
1238 1765 1514 1837 Jehudah3
1554 1767 1833 1839 conjunfflo
1857 1767 2071 1820 Externi
2094 1769 2318 1835 hominis

346 1861 463 1895 cum
489 1842 705 1896 Interno
729 1858 831 1893 non
856 1839 921 1894 fit
946 1838 1128 1908 absque
1152 1839 1438 1894 tentatione
1460 1840 1515 1893 ὃζ
1537 1838 1808 1912 spontanea
1840 1838 2176 1894 submiffione.
2385 1893 2398 1907 ,

418 1932 486 1985 57
495 1934 577 1984 30.
622 1914 686 1967 In
710 1911 847 1966 sensu
874 1910 1291 1984 repraesentativo
1323 1914 1576 1979 historice,
1617 1914 1787 1984 agitur
1812 1914 1898 1966 hic
1919 1914 1980 1966 de
2004 1913 2321 1986 Jacobipo-

346 1989 503 2057 stetis,
542 1989 678 2059 quod
711 1985 888 2058 reje&i‚
925 1984 1004 2038 sed
1042 1985 1179 2055 quod
1205 1987 1568 2041 contumaciter
1609 1987 1880 2040 institerint
1902 2000 1964 2040 ut
1988 1986 2318 2058 repraesenta-

341 2063 444 2115 tivi
462 2059 644 2130 effent3
688 2061 826 2131 quod
847 2057 1025 2130 rejecti,
1077 2055 1381 2129 inteliigitur
1416 2078 1504 2132 per
1540 2061 1681 2130 quod
1706 2058 1955 2131 Josephus
1985 2061 2100 2113 illos
2134 2062 2320 2115 dimit-

344 2148 450 2188 tere
486 2133 731 2202 voluerit,
788 2132 846 2185 ὅζ
897 2130 1060 2184 solum
1101 2133 1310 2185 retinere
1360 2130 1729 2206 Benjaminem3
1785 2134 1920 2203 quod
1961 2137 2326 2190 contumaciter

248 2237 265 2248 ,.
341 2207 634 2277 institerint,
661 2207 940 2260 involvunt
963 2216 1203 2258 contenta
1232 2205 1537 2260 confeflionis
1561 2206 1617 2259 ὅζ
1633 2204 2014 2279 supplicationis
2035 2206 2264 2260 illorum„
2287 2229 2292 2231 ·

576 2605 2247 2699 SENSUSINTERNUSR·

357 2783 503 2837 5731.
559 2769 702 2819 Vers:
735 2787 776 2820 1.
802 2783 847 2818 2.
1008 2767 1054 2815 T
1070 2774 1274 2834 praecepit
1295 2771 1360 2821 illi
1374 2773 1446 2835 qui
1454 2774 1584 2837 fhper
1599 2772 1716 2820 domo
1723 2775 1828 2837 sua,
1862 2771 2044 2828 dicendo,
2065 2773 2191 2835 imple
2205 2788 2324 2821 man-

1026 2835 1132 2882 ticas
1154 2840 1347 2886 virorum
1387 2839 1493 2895 cibo,
1529 2840 1732 2904 quantum
1765 2838 1930 2904 pofficnt
1958 2840 2101 2902 ferre,
2138 2839 2193 2888 ἑά
2222 2853 2333 2902 pone¹

353 2913 576 2966 argentum
600 2903 788 2967 cujusvis
805 2902 851 2947 in
867 2915 940 2945 ore
961 2904 1155 2949 manticoe
1186 2904 1289 2969 ejus.
1358 2905 1421 2953 Et
1434 2905 1663 2970 schyphum
1696 2920 1848 2959 meum,
1872 2903 2102 2966 fihyphum
2136 2909 2323 2966 argenti,

348 2976 483 3030 ponas
505 2971 548 3016 in
565 2985 636 3016 ore
656 2967 854 3017 manticae
875 2966 1051 3023 minimi,
1085 2966 1142 3017 ἔθ’
1163 2979 1390 3033 argentum
1398 2972 1616 3035 frumenti
1635 2972 1758 3035 qiam
1793 2969 1849 3019 &²
1860 2971 1970 3034 fecit
1979 2970 2204 3031 secundum
2225 2987 2327 3021 ver-

353 3035 453 3083 bum
485 3035 671 3097 Jofiphi,
707 3030 816 3101 quod
840 3030 1048 3094 loquutus.
1117 3035 1182 3084 Et
1215 3039 1433 3101 praecepit
1464 3038 1529 3084 illi
1551 3037 1632 3101 qui
1658 3037 1789 3099 super
1812 3036 1956 3084 domo
1978 3035 2071 3094 sua,
2108 3037 2324 3097 dicendo,

354 3099 576 3164 significat
598 3102 827 3150 influxum
850 3096 969 3144 ase:
1005 3098 1385 3164 implemanticas
1407 3104 1611 3152 virorum
1643 3103 1765 3159 cib0‚
1800 3101 2019 3165 fignificat
2053 3104 2096 3149 in
2130 3105 2326 3152 naturale

352 3181 463 3234 mm
481 3166 604 3217 bono
618 3168 714 3238 *feri
735 3186 746 3218 ι
770 3173 991 3236 quantum
1009 3168 1197 3231 possunt
1218 3169 1349 3234 ferre,
1374 3169 1594 3234 significat
1611 3168 1670 3220 ad
1686 3166 1999 3221 sufficientiam
2018 3186 2029 3219 :
2053 3171 2105 3221 &
2118 3185 2240 3235 pone
2261 3187 2330 3218 ar-

2135 3249 2330 3302 gentum
