2606 3646
341 229 2062 333 e178GENESIS.

420 379 629 429 ceptum,
664 376 774 414 tunc
797 366 957 415 statum
976 364 1178 428 sequitur
1213 372 1248 395 “
1273 364 1398 428 quod
1420 364 1642 429 Josephus
1664 365 1831 415 diceret
1852 366 1907 414 ad
1927 365 2079 414 virum
2100 363 2229 429 super
2244 363 2393 414 domo'
2415 369 2417 371 ’

423 431 517 490 sua,
554 434 701 480 adduc
736 434 856 479 viros
895 431 1115 486 domum,
1152 431 1201 477 δε
1227 431 1469 478 mactando
1509 433 1674 489 madia,
1712 434 1760 480 δε
1803 449 2023 497 praepara,
2060 432 2166 496 quia
2204 447 2390 480 mecum

420 499 665 545 comedent
690 499 773 545 viri
799 498 843 544 in
869 495 1108 544 meridie''
1146 511 1226 558 per
1265 512 1374 560 quae
1415 495 1709 558 significatur,
1744 499 1872 562 quod
1913 498 2301 547 introducerentur
2339 497 2392 545 ὅτ

421 562 802 626 conjungerentur
841 563 949 627 quia
983 578 1095 610 cum
1118 561 1300 610 Medic.
1369 562 1500 626 Qid
1524 563 1767 626 Spirituale
1791 563 2036 627 respective
2057 565 2115 612 ad
2140 563 2386 620 Naturale,

418 630 575 692 paucis
596 630 743 678 adhuc
766 629 1028 686 dicendum,
1063 629 1173 693 quia
1195 628 1397 692 plerique
1419 629 1499 693 qui
1525 629 1571 676 in
1594 629 1704 676 orbe
1730 629 1986 677 Christiano
2025 630 2238 691 ignorant
2271 629 2388 695 quid

418 696 668 758 spirituale,
703 696 845 760 usque
868 696 999 751 adeo,
1036 707 1087 742 ut
1110 711 1218 742 cum
1242 696 1435 742 audiunt
1468 709 1629 742 vocem
1655 695 1797 752 illam,
1833 696 2048 751 haereant,
2083 697 2133 744 &
2155 696 2306 744 dicant
2328 695 2392 744 se·

419 777 547 819 cum,
585 762 709 826 quod
736 761 963 825 spirituale
980 760 1094 825 quid
1119 761 1172 808 fit
1194 776 1332 808 nemo
1368 759 1473 809 sciat
1497 778 1508 808 :
1547 761 1775 825 spirituale
1801 761 1846 808 in
1869 760 1944 809 sua
1960 761 2140 808 effentia
2161 762 2285 825 apud
2308 762 2391 809 ho-

418 829 615 884 minem,
651 827 715 875 est
739 827 832 891 ipsa
856 828 1040 876 affectio
1064 828 1172 876 boni
1192 827 1242 875 &
1259 826 1354 874 veri
1375 839 1561 892 propter
1584 828 1760 876 bonum
1780 829 1830 876 ὅτ
1845 843 2004 875 verum
2022 829 2072 875 &
2091 843 2182 874 non
2205 841 2395 892 propter

419 894 481 949 se,
520 907 620 941 tum
646 894 826 941 affectio
853 894 965 958 justi
989 894 1038 940 ὅτ
1062 892 1185 956 aequi
1211 907 1397 956 propter
1412 892 1590 957 justum
1615 895 1665 942 δε
1688 911 1877 958 aequum
1903 895 1951 941 δε
1976 910 2067 941 non
2102 906 2290 957 propter
2324 894 2388 952 se,

417 977 525 1009 cum
554 963 695 1007 homo
719 959 852 1011 sentit
871 963 914 1007 in
939 959 982 1006 se
998 958 1331 1022 jucundum&
1348 975 1599 1017 amaenum,
1634 962 1684 1008 δε
1707 961 1855 1023 magis
1874 960 1905 1006 fi
1925 958 2120 1007 faustum
2139 960 2188 1007 &
2207 959 2390 1008 beatum

416 1043 477 1074 ex
502 1027 603 1082 illis,
641 1027 728 1074 hoc
745 1027 866 1090 apud
887 1026 1019 1073 illum
1043 1025 1107 1072 est
1129 1025 1372 1087 spirituale,
1407 1027 1533 1090 quod
1558 1042 1650 1074 non
1673 1028 1804 1074 venit
1825 1043 1882 1075 ex
1906 1026 2094 1074 naturali
2119 1022 2195 1073 sed
2220 1041 2276 1072 ex
2303 1025 2392 1089 spi-

414 1093 563 1142 rituali
591 1092 764 1140 mundo
789 1093 861 1139 seu
883 1108 907 1139 e
929 1092 1069 1148 coelo,
1106 1091 1194 1138 hoc
1215 1091 1296 1147 est,
1331 1107 1413 1155 per
1429 1092 1600 1139 coelum
1627 1107 1652 1139 a
1675 1091 1885 1140 Domino
1911 1109 1922 1139 ε
1958 1092 2046 1139 hoc
2069 1106 2187 1140 nunc
2209 1091 2394 1156 estspi-

416 1160 592 1215 rituale,
628 1158 754 1222 quod
778 1175 884 1205 cum
917 1157 1037 1220 apud
1073 1156 1313 1204 hominem
1347 1169 1520 1220 regnat,
1556 1157 1695 1205 afficit
1717 1159 1767 1205 ὅτ
1791 1157 1914 1222 quali
1939 1158 2079 1219 tingit
2100 1173 2239 1205 omne
2262 1158 2393 1223 quod

415 1228 607 1289 cogitat,
647 1224 773 1288 quod
799 1225 969 1271 vult&
992 1223 1119 1287 quod
1154 1221 1270 1287 agit,
1307 1224 1358 1271 ὅτ
1381 1223 1488 1271 facit
1524 1237 1578 1272 ut
1611 1223 1825 1287 cogitata,
1863 1225 1913 1271 &
1947 1239 2005 1271 ex
2035 1223 2274 1271 voluntate
2296 1224 2393 1272 afta

414 1293 693 1354 participent
728 1306 786 1338 ex
820 1289 1060 1354 spirituali,
1098 1289 1238 1354 usque
1263 1290 1463 1346 tandem,
1499 1303 1553 1338 ut
1574 1306 1685 1338 cum
1707 1306 1732 1337 e
1756 1289 1934 1338 mundo
1972 1289 2165 1337 naturali
2190 1289 2236 1337 in
2263 1306 2394 1338 mun-

414 1360 529 1405 dum
549 1357 825 1421 spiritualem
849 1356 1018 1412 tranfit,
1041 1356 1116 1403 illa
1132 1358 1269 1404 etiam
1287 1357 1408 1419 apud
1428 1371 1537 1405 eum
1555 1356 1805 1422 spiritualia
1829 1357 1954 1406 fiant.
2015 1356 2187 1414 Verbo,
2210 1354 2394 1405 affectio

414 1423 640 1472 charitatis
660 1424 709 1471 &
733 1423 862 1480 fidei,
905 1422 994 1469 hoc
1019 1421 1102 1481 est,
1137 1423 1248 1470 boni
1278 1422 1328 1470 &
1350 1422 1465 1480 veri,
1499 1438 1551 1470 ac
1579 1421 1838 1487 jucundum
1865 1424 1915 1471 ὅτ
1938 1437 2188 1479 amaenum‚
2228 1423 2279 1471 &
2303 1438 2397 1470 ma-

414 1492 485 1554 gis
509 1490 706 1537 faustum
731 1490 781 1536 δε
806 1490 984 1536 beatum
1003 1487 1129 1546 inde,
1163 1502 1271 1552 quae
1292 1487 1476 1536 interius
1492 1489 1616 1553 apud
1636 1489 1876 1537 hominem
1895 1488 2163 1545 sentiuntur,
2190 1488 2393 1537 &illum

413 1556 586 1604 faciunt
620 1556 859 1603 hominem
883 1570 988 1603 vere
1013 1554 1339 1612 Christianum,
1374 1554 1439 1603 est
1473 1555 1731 1620 Spirituale.
1801 1555 1945 1618 Qiod
1981 1555 2188 1620 plerique
2214 1555 2260 1602 in
2284 1555 2396 1604 orbe

413 1622 669 1671 Christiano
702 1623 932 1684 ignorent,
967 1621 1080 1685 quid
1117 1620 1365 1683 spirituale,
1401 1621 1464 1669 est
1487 1622 1596 1684 quia
1617 1622 1761 1669 fidem
1785 1620 1958 1670 faciunt
1988 1621 2264 1669 effenti-alem
2302 1621 2395 1670 Ec·

413 1690 578 1746 clefiae,
616 1690 666 1737 δε
690 1704 782 1736 non
805 1688 1073 1743 charitatem
1093 1710 1107 1744 ;
1143 1688 1249 1735 inde
1266 1686 1373 1752 quia
1391 1689 1526 1751 pauci
1549 1687 1632 1744 illi,
1666 1688 1748 1752 qui
1771 1688 1829 1734 de
1847 1688 1938 1737 fide
1956 1687 2137 1736 solliciti>
2152 1692 2278 1746 sunt,
2310 1704 2396 1752 pa·

413 1772 536 1813 rum,
572 1756 605 1803 fi
622 1755 887 1820 quicquam,
920 1752 1125 1816 cogitant
1149 1753 1206 1800 de
1230 1754 1459 1810 charitate,
1494 1754 1546 1802 ὅτ
1569 1766 1737 1803 norunt
1757 1754 1870 1817 quid
1887 1755 2098 1813 charitas,
2129 1754 2250 1812 inde,
2285 1754 2396 1819 quia

413 1837 508 1870 non
528 1821 754 1884 cognitio,
791 1835 872 1868 nec
889 1819 953 1867 est
971 1819 1205 1883 perceptio
1227 1818 1477 1868 affeEtionis
1501 1836 1610 1885 quae
1632 1820 1873 1877 charitatis,
1908 1822 1958 1870 &
1980 1822 2066 1883 qui
2085 1836 2177 1868 non
2196 1820 2243 1868 in
2260 1820 2398 1869 affec-

414 1890 540 1936 tione
574 1887 796 1936 charitatis
820 1886 900 1944 est,
936 1902 1223 1952 nequaquam
1247 1885 1397 1950 potest
1419 1885 1525 1934 scire
1546 1886 1660 1951 quid
1684 1887 1912 1952 spirituale
1932 1909 1946 1942 3
1985 1887 2214 1950 imprimis
2237 1887 2396 1946 hodie,

414 1970 524 2003 cum
548 1955 627 2002 vix
645 1954 738 2002 ulla
755 1954 946 2003 charitas
969 1953 1101 2000 alicui
1125 1953 1206 2011 est,
1242 1953 1352 2018 quia
1375 1952 1440 2000 est
1462 1953 1678 2001 ultimum
1703 1966 1889 2018 tempus
1911 1952 2137 2002 Ecclefiae.
2207 1953 2296 2002 Sed
2314 1953 2396 2002 sci-

415 2022 606 2078 endum,
641 2020 768 2085 quod
802 2019 1026 2084 spirituale
1056 2020 1106 2068 in
1134 2021 1373 2068 communi
1410 2019 1534 2067 sensu
1569 2020 1790 2081 significet
1822 2020 2115 2068 affectionem
2152 2031 2246 2067 tam
2283 2019 2395 2068 boni

414 2104 554 2152 quam
578 2088 693 2142 veri,
730 2086 836 2136 inde
864 2087 1035 2134 coelum
1053 2098 1242 2135 vocatur
1266 2085 1466 2135 mundus
1497 2085 1756 2152 spiritualiS,
1790 2088 1840 2135 δε
1861 2087 2004 2135 sensus
2022 2089 2224 2134 internus
2247 2087 2394 2135 Verbi

416 2154 561 2201 sensus
592 2153 847 2218 spiritualis,
883 2165 929 2200 at
951 2153 995 2201 in
1021 2153 1167 2216 specie
1190 2153 1238 2200 id
1261 2153 1385 2218 quod
1408 2151 1473 2201 est
1494 2152 1746 2202 affectionis
1768 2153 1878 2202 boni
1901 2165 2084 2202 vocatur
2105 2151 2308 2211 coeleste,
2343 2153 2397 2202 &

417 2221 465 2267 id
489 2221 616 2284 quod
641 2220 703 2266 est
727 2218 978 2267 affectionis
1003 2219 1118 2275 veri,
1154 2219 1395 2283 spirituale.
1825 2274 1829 2278 ,

487 2287 631 2346 5640.
670 2286 734 2333 Et
756 2285 875 2332 dixit
897 2284 936 2330 ei
962 2284 1041 2348 qui
1067 2284 1196 2349 super
1219 2285 1364 2334 domo
1383 2283 1478 2342 sua,
1512 2285 1636 2350 quod
1660 2285 1885 2349 significet
1904 2286 1963 2334 ad
1997 2285 2044 2334 id
2066 2285 2192 2351 quod
2215 2284 2279 2333 est·
2303 2285 2393 2334 Ec-

418 2351 564 2400 cleliae
598 2365 810 2408 externae,
845 2350 1018 2398 constat
1051 2365 1111 2397 ex
1149 2351 1538 2414 repraesentatione
1562 2351 1680 2400 illius
1718 2353 1799 2418 qui
1836 2352 1967 2417 super
1987 2352 2151 2409 domo,
2179 2352 2312 2416 ¹quod
2337 2352 2394 2400 fit

420 2418 617 2466 Ecclesia
643 2429 841 2474 externa,
877 2432 987 2464 cum
1011 2418 1047 2465 is
1069 2419 1152 2480 qui
1175 2417 1221 2464 in
1245 2417 1391 2466 domo
1414 2417 1469 2465 sit
1490 2417 1694 2465 Ecclesia.
1718 2419 1906 2476 interna,
1941 2418 1998 2467 de
2022 2434 2115 2484 qua
2137 2435 2194 2466 n:
2217 2415 2388 2482 ,1795j3

420 2486 471 2532 &
494 2484 596 2547 quia
621 2486 667 2531 in
691 2483 815 2533 sensu
837 2484 1017 2530 interno
1039 2498 1132 2530 non
1153 2482 1379 2547 specstatur
1401 2483 1605 2547 persona,
1629 2483 1702 2531 sed
1729 2501 1793 2533 res
1817 2503 1848 2533 n
1867 2501 1999 2546 :522
2007 2502 2051 2546 5.
2073 2487 2215 2548 5287.
2242 2500 2391 2548 5434,

421 2550 530 2598 ideo
552 2566 633 2613 per
654 2550 787 2597 illum
811 2549 888 2613 qui
914 2548 1042 2612 super
1062 2548 1225 2608 domo,
1261 2549 1540 2614 significatur
1558 2550 1607 2598 id
1630 2551 1758 2616 quod
1782 2551 1847 2599 est
1871 2551 2087 2599 Eccleliae
2109 2564 2322 2599 externae.

491 2618 638 2676 5641.
676 2615 846 2664 Adduc
878 2615 1000 2662 viros
1023 2614 1242 2674 domum,
1277 2618 1402 2680 quod
1438 2615 1680 2678 significet,
1723 2618 1848 2680 quod
1872 2633 1976 2665 vera
2002 2617 2045 2664 in
2065 2615 2250 2664 naturali
2279 2615 2389 2664 illuc

422 2682 830 2738 introducerentur,
867 2680 1038 2728 constat
1059 2695 1117 2728 ex
1134 2683 1458 2744 significatione
1476 2682 1675 2731 filiorum
1702 2683 1885 2746 Jacobi,
1921 2683 2044 2747 quod
2069 2683 2156 2730 sint
2177 2697 2282 2729 vera
2300 2681 2393 2729 Ec-

421 2748 564 2795 clefiae
587 2748 630 2794 in
657 2747 861 2803 naturali,
902 2746 959 2795 de
975 2762 1066 2811 qua
1085 2763 1145 2794 n:
1172 2764 1316 2809 5403.
1343 2764 1487 2811 54¹9·
1517 2764 1660 2811 5427.
1682 2753 1826 2811 5458.
1854 2765 2000 2812 5512,
2034 2747 2159 2812 quod
2183 2746 2391 2796 introdu-

421 2828 630 2861 cerentur
654 2814 775 2870 illuc,
811 2811 1087 2876 significatur
1109 2828 1186 2876 per
1208 2813 1356 2862 adduc
1378 2813 1480 2862 illos
1502 2819 1714 2863 domum.
2150 2861 2151 2864 ,

491 2880 635 2941 5642.
673 2879 737 2928 Et
761 2879 1003 2928 mactando
1028 2879 1175 2927 maCta
1197 2880 1247 2928 δε
1270 2895 1490 2945 praepara,
1527 2881 1651 2945 quod
1687 2882 1910 2945 significet
1932 2895 2012 2944 per
2034 2879 2152 2930 bona
2179 2879 2392 2928 naturalis

419 2946 666 3002 exterioris,
701 2944 873 3006 constat
895 2960 952 2991 ex
987 2945 1309 3007 srgnificatione
1343 2947 1554 3005 maClare‚
1591 2948 1720 3011 quod
1755 2947 1959 2996 involvat
1992 2945 2037 2992 id
2072 2946 2199 3010 quod
2224 2947 2393 2994 maesta-

421 3012 568 3068 batur,
606 3027 773 3075 nempe
794 3011 978 3067 bovem,
1007 3009 1277 3073 juvencum,
1315 3012 1508 3069 hircum,
1543 3025 1623 3060 aut
1655 3013 1776 3061 aliud
1799 3027 1953 3077 pecus,
1989 3012 2115 3076 quod
2150 3012 2238 3059 sint
2272 3014 2391 3060 bona

420 3077 647 3134 naturalis,
683 3076 810 3141 quod
835 3076 916 3123 bos
937 3092 987 3124 ac
998 3075 1221 3138 juvencus
1245 3078 1330 3127 smt
1347 3080 1462 3126 bona
1485 3078 1711 3136 naturalis,
1745 3078 1954 3126 videatur
1976 3094 2032 3126 n:
2071 3092 2122 3126 21
2138 3081 2217 3128 80.
2244 3079 2389 3140 2566.

419 3145 563 3204 2781.
591 3146 738 3204 2830,
777 3142 850 3190 hic
869 3142 987 3191 bona
1011 3143 1219 3190 naturalis
1237 3144 1490 3201 exterioris,
1524 3143 1630 3208 quia
1653 3159 1735 3208 per
1753 3144 1828 3192 illa
1842 3159 1962 3191 nunc
1985 3143 2189 3207 'primum
2207 3143 2263 3192 ad
2280 3159 2388 3192 con-

414 3207 694 3271 junctionem
715 3207 1149 3269 introducebantur5
1183 3225 1289 3259 nam
1311 3209 1438 3279 quod
1461 3209 1654 3279 adduxit
1677 3209 1797 3261 viros
1830 3210 2027 3262 domum
2052 3209 2386 3326 Josephi,·1{'1g-

2229 3291 2276 3325 m
2314 3288 2387 3326 cat
