2566 3640
329 205 468 272 514
666 180 724 250 G
826 176 947 248 Ε
1077 175 1168 246 N
1298 170 1367 245 Ε
1509 171 1565 245 S
1695 176 1747 245 J
1867 173 2022 246 ε.»

327 305 555 373 significet
578 307 701 373 quod
727 320 855 372 paena
879 303 982 351 ideo
1005 300 1246 348 immineat
1269 300 1514 350 secundum
1537 301 1777 361 meritum,
1820 301 2071 351 constat'ex
2089 302 2312 367 fignifibcaes

334 377 462 424 tione
483 376 701 423 reducere
725 373 900 420 malum
933 367 1062 430 quod
1095 365 1387 413 retribuimus
1418 366 1504 424 illi,
1551 369 1680 431 quod
1705 370 1759 417 sit
1781 384 1914 434 paena
1950 371 2192 418 secundum
2219 388 2317 422 me·

335 444 497 497 ritum,
550 457 655 488 narn
682 438 884 486 reductio
908 433 1016 482 mali
1042 431 1169 497 quod
1193 433 1248 479 fit
1269 430 1423 490 alicui,
1476 430 1541 478 est
1564 448 1700 495 paena
1718 451 1775 483 ex
1799 438 1980 486 merito,
2054 438 2315 504 Qomodo

336 509 381 556 se
419 509 552 555 habet
583 521 689 554 cum
724 502 984 551 reductione
1018 498 1145 555 mali,
1183 501 1256 547 seu
1294 499 1436 561 paenis
1470 497 1515 544 in
1553 499 2002 564 mundovspirituali,
2050 505 2314 561 dicendum,

335 576 445 639 quia
468 573 573 621 inde
599 583 722 635 patet
746 569 846 633 quis
871 565 1015 614 sensus
1040 565 1234 611 internus
1258 563 1424 610 horum
1451 564 1694 612 verborum
1719 566 1783 612 est
1804 588 1818 620 ;
1855 567 1886 612 fi
1910 569 2021 617 mali
2037 568 2217 632 spiritus
2239 571 2319 618 ali·

335 640 464 703 quod
502 638 672 686 malum
710 635 882 685 faciunt
906 633 950 679 in
977 631 1152 677 mundo
1190 628 1431 692 spirituum
1470 630 1599 694 supra
1622 632 1749 696 quod
1777 632 2039 681 imbuerunt
2065 650 2123 682 ex
2155 636 2248 684 vita
2274 637 2321 683 in

339 705 535 761 mundo,
591 702 748 750 adsunt
772 700 892 747 illico
924 698 1155 762 punitores
1179 696 1229 742 ὅτ
1253 695 1355 743 illos
1377 695 1610 757 castigant,
1662 699 1836 760 prorsus
1861 698 2102 746 secundum
2126 703 2324 765 gradum

339 787 481 833 quem
521 768 838 817 transcendunt
860 785 876 820 ·‚
929 778 1034 810 narn
1061 763 1133 809 lex
1158 762 1202 808 in
1227 762 1364 808 altera
1388 762 1480 809 vita
1503 762 1584 820 est,
1636 764 1762 828 quod
1796 764 1947 811 nullus
1972 763 2097 829 pejor
2122 768 2221 818 fieri,
2241 771 2322 816 de-

339 839 442 885 beat
469 852 609 901 quam
635 837 680 882 in
707 832 881 880 mundo
905 830 1081 882 fuerat·‚
1131 829 1213 891 qui
1245 828 1512 893 puniuntur,
1563 826 1741 893 prorsus
1764 831 1966 878 nesciunt
1988 833 2109 878 unde
2132 833 2322 895 castiga-

342 917 462 951 tores
486 904 551 950 illi
578 903 721 949 sciunt
742 898 869 961 quod
895 895 1066 943 malurn
1088 893 1140 940 fit
1159 893 1292 957 supra
1308 894 1435 958 quod
1455 895 1733 952 imbuerunt,
1771 896 1845 944 sed
1870 895 2177 945 informantur
2193 900 2323 963 quod

343 971 447 1019 talis
470 969 585 1016 ordo
607 970 654 1014 in
678 967 812 1013 altera
835 964 926 1010 vita
950 961 1018 1017 sit,
1067 960 1195 1024 quod
1222 960 1370 1024 ipsum
1396 961 1572 1008 malum
1601 962 1960 1025 secum'paenam
1985 964 2162 1020 habeat,
2197 965 2256 1012 fic
2274 977 2327 1014 ut

343 1035 520 1081 malum
547 1034 651 1081 faeti
677 1031 852 1096 prorsus
875 1027 1172 1090 conjunctum
1191 1025 1243 1073 sit
1259 1042 1365 1074 cum
1388 1027 1511 1074 malo
1525 1043 1690 1092 paenae,
1729 1028 1816 1075 hoc
1837 1030 1918 1086 est,
1944 1041 1993 1077 ut
2017 1029 2060 1076 in
2081 1030 2180 1093 ipso
2204 1033 2327 1079 malo

344 1101 399 1148 fit
424 1117 553 1162 paena
577 1097 671 1162 ejus
695 1120 708 1153 3
754 1113 805 1145 ac
831 1096 950 1150 ideo,
985 1092 1113 1155 quod
1139 1093 1384 1159 secundum
1407 1092 1617 1141 ordinem
1643 1094 1712 1151 fit,
1746 1096 1874 1157 quod
1899 1096 2182 1143 retributores
2206 1097 2332 1146 illico

344 1167 523 1220 adsint3
558 1166 618 1214 ita
643 1167 696 1213 fit
718 1178 825 1211 cum
843 1161 1023 1224 spiritus
1044 1159 1150 1205 mali
1175 1158 1220 1206 in
1247 1158 1420 1207 mundo
1443 1158 1682 1222 spirituum
1707 1161 1879 1208 malurn
1899 1160 2086 1217 faciunt,
2120 1177 2168 1210 at
2193 1163 2239 1210 in
2263 1164 2331 1211 in·-

346 1231 479 1279 ferno
505 1233 579 1279 suo
602 1231 785 1291 castigat
809 1243 923 1276 unus
945 1225 1156 1281 alterum,
1203 1224 1452 1273 secundum
1477 1225 1647 1274 malurn
1670 1227 1797 1291 quod
1818 1226 2051 1275 actualiter
2070 1227 2331 1278 imbuerant

349 1299 398 1345 in
424 1299 617 1354 mundo,
670 1312 775 1343 narn
802 1295 846 1341 id
874 1293 1044 1341 malum
1069 1290 1220 1339 secum
1246 1292 1399 1340 ferunt
1428 1292 1475 1340 in
1510 1292 1694 1340 alteram
1732 1295 1874 1341 vitam
1896 1311 1907 1340 :
1961 1287 2019 1341 ex
2043 1293 2111 1340 his
2133 1297 2332 1344 constare

346 1363 514 1428 potest,
550 1362 788 1428 quomodo
813 1356 1182 1420 intelligendum,
1232 1358 1355 1422 quod
1379 1374 1511 1421 paena
1534 1359 1637 1406 ideo
1661 1360 1902 1407 immineat
1926 1359 2173 1408 secundum
2199 1363 2333 1409 meri*

349 1445 469 1486 turn,
506 1431 634 1493 quod
658 1428 933 1490 significatur
958 1440 1037 1488 per
1060 1425 1188 1487 quod
1213 1425 1473 1472 reducendo
1494 1426 1674 1473 reducet
1697 1426 1827 1472 nobis
1851 1426 2181 1474 ornne‘rnalum
2205 1428 2334 1492 quod

347 1496 639 1543 retribuimus
675 1495 755 1542 illi.
827 1494 972 1553 Qod
1006 1503 1160 1537 autem
1197 1492 1358 1538 attinet
1394 1492 1542 1538 bonos
1571 1490 1775 1555 spiritus,
1820 1492 1942 1539 illisi
1966 1491 2086 1540 forte
2119 1494 2238 1541 male
2270 1495 2336 1541 lo-

347 1575 559 1624 quuntur
576 1574 653 1609 aut
675 1562 847 1609 malum
872 1558 1061 1612 faciunt,
1097 1572 1190 1603 non
1207 1556 1479 1619 puniuntur,
1515 1556 1589 1603 sed
1611 1558 1943 1612 condonantur,
1979 1559 2029 1605 ὅτ
2050 1574 2237 1624 quoque
2256 1575 2335 1607 ex-

353 1627 575 1685 cusantur,
625 1643 728 1674 nam
760 1626 863 1675 finis
896 1633 1060 1671 eorum
1092 1638 1182 1669 non
1206 1621 1269 1668 est
1295 1623 1411 1668 male
1447 1622 1572 1686 loqui
1596 1634 1672 1670 aut
1696 1623 1869 1670 malum
1906 1621 2068 1679 facere,
2119 1641 2168 1672 ac
2192 1626 2338 1674 sciunt

349 1694 482 1757 quod
507 1695 611 1741 talia
635 1695 721 1741 fint
743 1694 929 1740 excitata
958 1687 1082 1752 apud
1108 1688 1206 1735 illos
1229 1689 1286 1734 ab
1310 1687 1504 1742 inferno,
1557 1688 1616 1746 fic
1637 1688 1764 1751 quod
1790 1704 1880 1735 non
1907 1689 2157 1751 prodierint
2181 1707 2236 1738 ex
2262 1693 2338 1740 sua

349 1759 490 1823 culpa
509 1781 524 1814 ·‚
561 1761 647 1807 hoc
670 1759 805 1806 etiam
820 1755 1126 1822 appercipitur
1148 1770 1174 1801 a
1196 1751 1339 1800 renisu
1365 1754 1583 1811 illorum,
1601 1753 1825 1818 &postea
1849 1770 1875 1800 a
1897 1754 2071 1801 dolorm
2318 1777 2322 1781 -

424 1827 567 1884 6560.
610 1826 674 1873 Et
699 1835 1011 1887 praeceperunt
1045 1820 1101 1867 ad
1140 1819 1408 1883 Josephum,
1459 1819 1670 1877 dicendo,
1698 1820 1832 1884 quod
1856 1820 2081 1882 significet
2106 1820 2337 1872 influxum

355 1893 414 1939 ab
437 1892 637 1948 tommo,
678 1892 729 1938 &
754 1891 858 1937 inde
883 1886 1245 1954 perceptionem,
1296 1886 1469 1934 constat
1489 1902 1514 1932 a
1538 1886 1864 1949 fignificatione
1897 1886 2165 1950 praecipere,
2209 1890 2339 1952 quod

359 1959 414 2005 sit
438 1958 649 2012 influxus,
684 1958 741 2003 de
764 1971 853 2018 qua
877 1972 934 2003 n:
962 1953 1104 2017 5486.
1132 1967 1257 2015 5732
1281 1971 1295 2005 ς
1330 1969 1354 1999 a
1379 1951 1769 2016 repraesentatione
1799 1951 2004 2015 Josephi‚
2022 1956 2166 2018 -quod
2191 1956 2244 2002 fit
2268 1955 2343 2004 In·

359 2037 556 2080 ternum,
593 2025 649 2070 de
675 2039 764 2086 qua
789 2039 845 2069 n:
873 2023 1018 2083 6177.
1045 2020 1178 2077 6224
1196 2038 1214 2072 ·,
1249 2018 1295 2065 &
1321 2035 1345 2066 a
1370 2016 1695 2082 significatione
1719 2018 1885 2075 (ficere,
1930 2020 2055 2081 quod
2082 2020 2134 2067 fit
2159 2036 2342 2086 percep·-

359 2090 443 2145 tio‚
479 2090 536 2135 de
551 2106 641 2154 qua
659 2089 818 2152 saepius
839 2109 856 2143 ·,
893 2087 998 2134 inde
1017 2101 1095 2149 per
1111 2099 1424 2148 p-raeceperunt
1441 2085 1498 2132 ad
1512 2084 1785 2147 Josephum,
1820 2085 2034 2141 dicendo,
2071 2086 2343 2149 significatur

365 2156 565 2202 influxus
587 2158 646 2203 ab
671 2155 852 2202 Interno
885 2155 935 2202 δε
966 2152 1068 2199 inde
1099 2151 1346 2214 perceptio.
1420 2151 1561 2210 Quod
1589 2163 1903 2214 praeceperunt
1924 2152 1979 2198 ad
2006 2151 2259 2214 Josephum
2284 2155 2340 2202 fit
2380 2166 2384 2171 ’

366 2221 570 2269 Influxus
593 2223 651 2269 ab
674 2221 855 2268 Interno
888 2222 935 2267 in
969 2217 1245 2270 Externum,
1297 2233 1387 2265 non
1411 2229 1566 2264 autem
1598 2217 1656 2264 ab
1681 2217 1888 2264 Externo
1913 2216 1956 2263 in
1982 2217 2236 2275 Internum,
2278 2219 2343 2267 est

362 2287 473 2351 quia
505 2289 657 2335 omnis
689 2286 893 2335 Influxus
925 2285 1052 2332 venit
1073 2284 1130 2331 ab
1154 2283 1382 2340 Interiori,
1405 2283 1454 2331 δε
1479 2283 1700 2348 nusquam
1731 2283 1889 2348 aliquis
1911 2283 1969 2331 ab
1993 2282 2243 2342 Exteriori,
2280 2286 2348 2334 vi-

364 2359 525 2402 deatur
549 2371 609 2400 n:
637 2353 783 2414 6322.
1914 2377 1917 2380 ·

442 2422 586 2482 6561.
621 2420 749 2468 Pater
772 2417 919 2465 noster
941 2415 1160 2481 praecepit
1176 2426 1279 2464 ante
1298 2417 1554 2472 moricum,
1589 2415 1804 2473 dicendo,
1840 2415 1966 2480 quod
1986 2414 2202 2479 fignificet
2218 2416 2347 2481 quod

367 2491 425 2538 ab
465 2486 680 2533 Ecclesrae
718 2497 967 2547 praeceptO,
1018 2481 1191 2529 constat
1231 2497 1288 2529 ex
1326 2482 1722 2544 repraesentatione
1758 2482 1944 2538 IsraeliS‚
1997 2482 2078 2546 qui
2107 2482 2180 2530 hic
2204 2496 2346 2545 pater,

362 2552 494 2619 -quod
521 2553 572 2598 sit
598 2550 815 2606 Ecclesia,
866 2549 923 2596 de
955 2564 1044 2612 qua
1070 2565 1129 2595 n:
1156 2548 1302 2607 4286.
1341 2548 1503 2606 6426,
1551 2548 1602 2595 &
1636 2563 1692 2594 ex
1729 2547 2052 2610 significatione
2087 2549 2346 2611 praecipere,

371 2619 496 2685 quod
522 2618 573 2665 fit
597 2617 814 2675 influxus,
849 2614 906 2661 de
925 2631 1015 2678 qua
1041 2629 1153 2663 mox
1181 2613 1308 2676 supra
1332 2630 1388 2659 n:
1417 2614 1563 2673 6560,
1613 2614 1683 2679 bic
1709 2626 2009 2676 praeceptum,
2054 2615 2163 2675 quia
2189 2614 2348 2663 Eccle-

371 2690 466 2741 fiae,
501 2684 559 2732 ita
581 2700 604 2729 a
627 2683 804 2729 Divino
826 2701 843 2735 ·‚
896 2682 945 2729 &
970 2696 1026 2727 ex
1048 2681 1371 2742 significatione
1394 2692 1495 2725 ante
1519 2679 1636 2726 mori
1662 2695 1786 2735 eum,
1836 2679 1964 2741 quod
1991 2679 2044 2726 fit
2065 2695 2171 2727 cum
2197 2681 2346 2728 adhuc

371 2750 571 2800 Ecclesia
594 2748 718 2795 esset.
789 2747 932 2810 Qiod
957 2746 1011 2793 fit
1035 2747 1091 2792 ab
1110 2745 1322 2793 Ecclefiae
1346 2761 1591 2808 praecepto,
1629 2745 1752 2808 quod
1779 2744 2106 2793 remittendum
2126 2746 2246 2793 fratri
2271 2745 2351 2794 suo

370 2819 446 2866 seu
484 2815 714 2878 proximo,
771 2813 945 2860 constat
967 2829 992 2857 a
1017 2812 1211 2861 Domini
1254 2812 1402 2858 verbis
1438 2811 1558 2873 apud
1598 2810 1874 2860 Matthaeum
1911 2820 1944 2842 ‘⁵
1970 2810 2129 2859 Petrus
2151 2812 2268 2858 dixit
2293 2813 2350 2859 ad

373 2883 549 2947 Jesum,
579 2879 805 2934 Domine,
840 2878 1018 2940 quoties
1043 2877 1245 2941 peccabit
1270 2878 1313 2924 in
1340 2892 1412 2923 me
1435 2877 1578 2923 frater·
1594 2893 1742 2933 meus,
1779 2879 1829 2924 &
1853 2879 2082 2924 remittere
2101 2878 2247 2923 debeo
2266 2878 2349 2935 illi,

372 2950 514 3011 usque
537 2947 595 2992 ad
621 2945 809 3007 septies:
863 2944 979 2990 dixit
1004 2944 1070 2991 illi
1097 2944 1241 3003 JesuS,
1295 2959 1385 2990 non
1408 2941 1511 2989 dico
1533 2944 1617 2989 hoc
1641 2943 1778 3006 usque
1801 2944 1857 2990 ad
1884 2943 2060 3006 septies,
2108 2942 2179 2988 sed
2203 2943 2347 3007 usque

368 3014 431 3060 aad
452 3011 700 3074 septuagies
724 3009 885 3073 septies
903 3008 935 3028 '’
973 3025 1129 3056 xvin:
1162 3026 1237 3058 22.
1268 3023 1357 3055 22:
1415 3009 1487 3055 sed
1512 3008 1634 3071 apud
1669 3020 1853 3070 gentem
1884 3008 2123 3069 Judaicam
2163 3008 2348 3058 insitum

374 3093 481 3133 erat,
519 3077 644 3140 quod
669 3078 890 3139 nusquam
910 3077 1202 3130 remitterent,
1240 3074 1311 3120 sed
1334 3090 1416 3137 pro
1434 3074 1559 3122 hoste
1581 3074 1794 3122 baberent
1812 3088 2132 3138 quemcunque
2149 3075 2230 3138 qui
2250 3076 2350 3124 illos

371 3145 531 3207 aliquo
556 3142 696 3188 modo
720 3141 908 3196 laeserat,
962 3142 1009 3188 &
1031 3154 1135 3187 tunc
1159 3141 1376 3202 putabant
1401 3141 1481 3187 fibi
1506 3140 1636 3187 licere
1659 3141 1768 3187 odio
1794 3141 1921 3189 illum
1948 3139 2119 3194 habere,
2168 3142 2217 3188 &
2242 3153 2353 3189 trac-

369 3223 465 3259 me
492 3208 554 3256 ad
578 3208 786 3264 iibitum,
836 3219 972 3270 atque
995 3205 1200 3257 occidere
1221 3224 1238 3261 3
1286 3204 1413 3255 causa
1437 3218 1544 3263 erat,
1597 3206 1703 3269 quia
1727 3221 1839 3269 gens
1862 3206 1938 3253 illa
1961 3219 2055 3253 erat
2080 3209 2125 3253 in
2148 3204 2251 3255 solis
2274 3223 2355 3254 ex-

2208 3274 2354 3331 terni,-
