2566 3640
278 231 587 311 cAPuT
627 202 1475 320 QUADRAGESIMUM
1514 229 2038 312 εΕΡτΙΜυΜ.
2109 247 2244 336 363·

255 369 320 420 'nt
345 378 490 428 2534.
558 361 784 409 Praeterea
806 362 1058 419 sciendum,
1092 363 1222 428 quod
1241 363 1469 428 Josephus
1487 363 1681 412 humum
1707 363 1985 414 sacerdotum
2003 383 2093 416 non
2113 386 2236 419 eme·

250 436 327 491 rit,
360 427 487 495 quod
510 427 558 475 id
583 427 719 475 fuerit
741 427 1183 493 repraesentativum,
1218 430 1345 494 quod
1368 446 1393 478 a
1419 431 1634 480 Domino
1672 432 1823 479 omnis
1862 420 2048 481 facultas
2072 437 2233 499 recipi-

249 497 356 550 endi
393 509 552 543 verum
577 495 627 542 &
652 495 846 552 bonum,
882 507 1009 560 patet
1031 512 1056 543 a
1079 497 1215 545 simili
1238 498 1342 559 lege
1363 497 1422 544 de
1444 498 1563 561 agris
1586 498 1873 555 Levitarum,
1909 499 2027 562 apud
2055 501 2223 549 Mosen

250 572 289 599 ‘⁶
307 563 443 628 xAger
452 560 653 625 suburbii
684 561 852 611 urbium
884 564 1146 611 Levitarum
1168 579 1250 612 non
1271 562 1493 620 vendetur,
1539 565 1641 626 quia
1656 561 1830 629 poffiffio
1852 575 2014 612 aeterna
2035 569 2091 615 iis
2111 569 2181 615 ille
2194 571 2225 591 '’

245 630 420 682 Levit:
441 643 568 676 xxv:
596 643 675 692 34,
710 644 795 693 per
829 629 918 677 hoc
956 629 1229 693 intelligitur
1269 630 1316 677 in
1353 630 1477 677 Iensu
1501 629 1697 687 interno,
1733 631 1862 694 quod
1898 632 2042 680 nullus
2082 633 2229 682 homo

245 698 330 748 fibi
352 695 530 761 aliquid
564 695 796 744 vindicare
830 695 996 744 debeat
1027 696 1085 744 de
1109 698 1232 745 bono
1255 695 1488 753 Ecclefiae,
1525 696 1651 760 quod
1676 696 1741 744 est
1766 698 1939 745 bonum
1977 699 2143 747 amoris
2179 703 2229 749 &

245 764 489 819 charitatis,
525 763 635 826 quia
658 761 705 808 id
730 778 755 809 a
779 761 874 810 solo
898 761 1124 811 Domino.

317 832 463 893 6149.
501 829 626 892 Qia
665 843 767 891 pars
801 827 966 876 statuta
1005 828 1304 878 sacerdotibus
1326 845 1352 876 a
1373 829 1623 885 Pharaone,
1673 829 1798 894 quod
1839 830 2062 892 significet
2100 832 2228 896 quod

253 897 363 946 ideo
387 897 434 943 id
457 895 720 943 ordinatum
743 910 769 940 a
792 894 995 950 naturali,
1037 894 1163 958 quod
1180 895 1266 942 'sub
1302 895 1502 959 auspicio
1540 895 1727 951 luterni,
1760 897 1932 944 constat
1956 914 1979 944 a
2004 899 2229 960 fignifica-

248 964 377 1013 tione
417 962 554 1024 partis
591 958 788 1016 statutae,
839 960 967 1024 quod
992 959 1046 1007 fit
1067 959 1367 1017 ordinatum3
1412 963 1462 1010 δε
1485 977 1508 1008 a
1533 962 1924 1024 repraesentatione
1963 964 2225 1023 PharaoniS,

247 1028 374 1095 quod
398 1028 451 1076 s1t
477 1025 697 1074 Naturale
739 1025 784 1072 in
824 1025 1084 1084 communi,
1121 1027 1179 1074 de
1210 1044 1301 1091 qua
1326 1044 1384 1074 n:
1409 1028 1551 1089 5460.
1578 1043 1721 1092 5799.
1751 1028 1877 1089 6015
1901 1051 1914 1083 3
1951 1031 2000 1077 &
2024 1032 2131 1094 quia
2156 1048 2229 1079 or-

245 1093 424 1143 dinatio
449 1092 524 1139 illa
548 1094 595 1139 in
619 1092 810 1140 naturali
833 1093 890 1140 ab
912 1092 1096 1140 Interno
1131 1096 1274 1149 venit,
1313 1093 1415 1141 ideo
1451 1093 1676 1155 adjicitur,
1713 1093 1794 1142 sub
1815 1094 2016 1157 auspicio
2040 1097 2229 1154 Interni,

243 1160 375 1222 quod
397 1160 536 1206 etiam
560 1158 926 1221 repraesentatum
951 1159 1014 1205 est
1029 1174 1120 1221 -per
1141 1159 1270 1223 quod
1295 1159 1524 1223 josephus
1548 1160 1656 1205 esset
1680 1160 1902 1207 dominus
1927 1163 2056 1226 super
2080 1175 2224 1211 totam

248 1228 537 1291 AEgyptutn,
572 1226 622 1272 δε
644 1240 831 1289 quoque
855 1223 985 1289 super
1015 1225 1213 1273 domum
1254 1225 1511 1282 Pharaonis,
1546 1225 1752 1272 videatur
1775 1242 1831 1274 n:
1853 1227 2000 1289 6145.

318 1296 462 1355 6150.
498 1291 563 1338 Et
584 1291 884 1339 comederunt
919 1303 1095 1355 partem
1130 1291 1344 1339 statutam
1370 1291 1512 1347 suam,
1549 1307 1692 1355 quam
1715 1291 1898 1340 dederat
1922 1293 2009 1341 illis
2034 1294 2228 1353 Pharao,

247 1361 376 1425 quod
413 1358 639 1420 significet
678 1356 807 1420 quod
849 1358 963 1405 bona
988 1373 1081 1404 non
1105 1358 1498 1422 appropriaverint
1520 1358 1600 1405 fibi
1625 1358 1746 1420 pluS,
1799 1374 1941 1422 quam
1983 1359 2230 1408 secundum

245 1426 604 1480 ordinationem,
655 1423 828 1470 constat
852 1439 910 1470 ex
935 1424 1260 1485 significatione
1299 1425 1552 1483 comedere,
1588 1425 1715 1488 quod
1741 1424 1793 1470 fit
1816 1427 2108 1489 appropriare
2133 1429 2232 1484 fibi,

247 1493 308 1540 de
331 1508 422 1556 qua
447 1507 507 1538 n:
533 1490 678 1552 3168.
706 1505 832 1551 3513
858 1489 887 1537 f.
918 1491 1061 1554 3596.
1090 1494 1237 1552 3832.
1264 1505 1394 1554 4745
1418 1510 1433 1544 3
1470 1491 1519 1553 δε
1544 1505 1602 1536 ex
1625 1490 1954 1551 significatione
1980 1493 2119 1554 partis
2146 1494 2231 1540 sta-

246 1571 377 1616 tutae,
413 1555 539 1622 quod
566 1555 619 1601 Iit
641 1556 936 1601 ordinatum:
974 1569 1027 1601 ut
1052 1571 1162 1602 mox
1186 1555 1317 1619 supra
1342 1572 1398 1602 n:
1427 1557 1559 1617 6149
1583 1577 1596 1610 3
1634 1557 1696 1602 ita
1735 1571 1815 1617 per
1853 1559 2091 1605 comedere
2131 1576 2233 1623 par-

246 1623 596 1673 tem-statutam
634 1621 933 1685 significatur,
983 1622 1109 1685 quod
1142 1622 1261 1668 bona
1302 1637 1394 1669 non
1434 1623 1826 1684 appropriaverint
1864 1623 1943 1669 fibi
1968 1625 2068 1687 plus
2092 1642 2233 1688 quam

248 1690 500 1740 secundum
538 1687 909 1736 ordinationem:
945 1688 1072 1751 quod
1095 1703 1119 1734 a
1143 1688 1350 1744 naturali,
1385 1689 1514 1751 quod
1555 1687 1898 1750 repraesentatur
1929 1706 2009 1752 per
2044 1691 2237 1739 Pharao-

249 1773 377 1812 nem,
414 1756 501 1803 hoc
524 1754 606 1811 est,
643 1756 690 1801 in
714 1752 902 1812 naturali
942 1753 1021 1801 sub
1060 1753 1259 1816 auspicio
1298 1753 1488 1810 luterni,
1524 1754 1735 1800 videatur
1774 1756 1913 1802 etiam
1951 1772 2064 1804 mox
2104 1757 2235 1823 supra

257 1839 319 1871 n:
344 1823 398 1869 61
468 1832 490 1868 ’.
2049 1861 2051 1864 .

323 1837 473 1948 61541ΞῘ
506 1885 755 1948 Propterea
777 1901 869 1934 non
892 1884 1195 1934 vendiderunt
1232 1885 1423 1933 humum
1451 1884 1589 1939 suam,
1624 1885 1748 1950 quod
1775 1887 1998 1949 significet
2020 1890 2144 1952 quod
2171 1889 2238 1937 id-

253 1953 378 2002 circo
402 1958 494 2000 nori
517 1966 632 2014 opus
656 1950 894 2000 habuerint
926 1952 1134 2008 abdicare
1157 1953 1207 2000 &
1231 1951 1490 1999 submittere
1529 1951 1618 2007 illa,
1667 1954 1836 2000 constat
1858 1970 1884 2000 a
1909 1955 2236 2017 significatione

251 2019 465 2075 vendere,
500 2017 627 2082 quod
646 2017 699 2064 fit
716 2018 941 2075 abdicare,
975 2019 1033 2065 de
1049 2035 1143 2083 qua
1162 2018 1290 2082 supra
1313 2034 1368 2064 n:
1395 2018 1541 2080 6143,
1577 2020 1639 2064 ita
1664 2018 1943 2075 submittere,
1979 2037 2081 2067 nam
2107 2025 2235 2085 quod

254 2086 490 2135 abdicatur
511 2086 597 2131 hoc
613 2082 737 2131 alteri
763 2083 1039 2133 submittitur
1062 2105 1078 2139 3
1113 2084 1161 2131 &
1187 2101 1213 2131 a
1238 2084 1563 2145 significatione
1583 2084 1732 2141 humi,
1769 2101 1935 2148 nempe
1956 2086 2238 2136 sacerdotum

253 2151 470 2218 AEgypti,
504 2150 631 2215 quod
656 2149 709 2196 s1t
731 2147 916 2199 facultas
954 2149 1197 2214 recipiendi
1223 2151 1398 2198 bonum
1424 2151 1468 2197 in
1493 2151 1700 2206 naturali,
1736 2150 1794 2198 de
1817 2167 1904 2215 qua
1936 2152 2068 2199 etiam
2095 2154 2242 2217 supra,

249 2237 309 2269 n:
336 2219 462 2279 6148
486 2238 501 2272 3
527 2216 656 2282 quod
681 2215 838 2264 idcirco
856 2233 937 2264 non
959 2230 1058 2280 opus
1072 2217 1295 2274 haberent,
1331 2232 1498 2282 nempe
1517 2215 1720 2263 abdicare
1738 2218 1788 2264 δε
1807 2217 2121 2267 submmittere
2141 2222 2234 2274 illa,

257 2285 535 2350 significatur
558 2298 642 2347 per
664 2294 900 2346 propterea
923 2300 1032 2332 non.
1468 2309 1470 2312 v

323 2352 470 2412 6152.
507 2350 572 2397 Et
595 2349 717 2397 dixit
740 2347 916 2413 Joseph
938 2350 993 2398 ad
1018 2349 1267 2414 populum,
1318 2349 1446 2414 quod
1472 2349 1694 2413 significet
1729 2349 1956 2399 influxum
1993 2352 2161 2398 interni
2190 2353 2235 2399 in
2318 2380 2322 2383 <

255 2434 363 2467 vera
403 2415 658 2471 scientifica,
693 2415 864 2463 constat
901 2433 928 2463 a
969 2417 1292 2479 significatione
1327 2416 1494 2472 dicere,
1532 2417 1660 2479 quod
1697 2416 1748 2464 fit
1783 2417 2031 2479 perceptio,
2069 2419 2125 2466 de
2146 2434 2236 2481 qua

258 2502 290 2534 n
308 2503 323 2531 .·
349 2483 496 2544 6063,
533 2483 584 2530 ὅτ
606 2482 714 2546 quia
737 2482 1010 2545 praedicatur
1042 2484 1101 2529 de
1126 2483 1325 2537 Interno‚
1363 2483 1490 2546 quod
1517 2481 1762 2545 JosephuS,
1801 2483 1862 2528 est
1888 2483 2101 2539 influxus,
2127 2501 2235 2532 nam

257 2549 385 2615 quod
412 2550 657 2611 percipitur
681 2547 725 2594 in
752 2547 976 2606 Externo,
1024 2548 1172 2596 influit
1211 2549 1266 2595 ab
1299 2548 1515 2601 Interno;
1552 2563 1574 2592 a
1600 2548 1986 2609 repraesentatione
2027 2549 2234 2612 Josephi,

259 2616 387 2682 quod
412 2615 466 2661 fit
489 2613 744 2668 Internum,
779 2626 830 2660 ut
855 2615 973 2677 saepe
996 2614 1121 2677 prius
1142 2635 1156 2669 3
1192 2615 1241 2661 &
1259 2630 1284 2660 a
1307 2614 1634 2676 significatione
1658 2614 1835 2677 populi,
1872 2615 1996 2677 quod
2024 2616 2107 2662 sint
2133 2633 2236 2664 vera

260 2681 518 2736 scientifica,
553 2679 612 2724 de
636 2695 728 2743 qua
753 2694 812 2725 n:
838 2679 984 2739 6146.
1216 2680 1222 2684 ’
1415 2701 1424 2708 ·

329 2750 475 2810 6153.
514 2744 638 2792 Eece
662 2744 753 2791 emi
779 2760 859 2804 vos
883 2745 1038 2802 hodie,
1074 2746 1122 2793 &
1148 2748 1339 2794 humum
1363 2747 1557 2794 vestram
1586 2744 1827 2800 Pharaoni,
1865 2746 1991 2809 quod
2019 2747 2239 2807 significet

256 2814 386 2881 quod
409 2811 740 2874 comparaverit
764 2811 842 2857 sibi
867 2810 959 2866 illa,
996 2813 1044 2859 &
1071 2811 1304 2874 subjecerit
1336 2815 1576 2860 communi
1601 2814 1643 2859 in
1671 2810 1874 2867 naturali,
1911 2814 2035 2871 quod
2064 2813 2141 2860 sub
2164 2830 2238 2860 au-

261 2882 408 2946 spicio
439 2878 626 2932 Int'erni,
661 2875 831 2923 constat
854 2891 909 2921 ex
932 2877 1256 2938 significatione
1295 2894 1466 2938 emere,
1503 2882 1627 2943 quod
1657 2878 2014 2939 fitanpropriate
2039 2879 2087 2925 δε
2113 2895 2239 2927 com·

259 2962 434 3013 parare,
470 2944 527 2991 de
551 2959 641 3007 qua
666 2959 727 2989 n:
751 2956 900 3004 4397.
932 2958 1077 3007 5374.
1114 2959 1266 3009 5397..
1283 2946 1428 3004 5406.
1458 2961 1602 3006 5410.
1633 2943 1795 3004 54263
1832 2959 1885 2989 ex
1912 2943 2240 3004 significatione

265 3012 413 3066 humi,
450 3011 574 3075 quod
597 3010 678 3056 s1nt
695 3007 968 3070 receptacula
991 3010 1102 3064 veri,
1136 3010 1192 3055 de
1217 3026 1306 3073 qua
1328 3026 1381 3056 n:
1410 3012 1553 3073 6135.
1583 3010 1726 3070 6136.
1755 3009 1914 3070 61373
1951 3012 2072 3073 quod
2102 3011 2242 3071 subje-

264 3081 372 3126 cerit
395 3076 469 3138 illa
491 3075 726 3123 communi
750 3077 795 3121 in
833 3074 1040 3132 naturali,
1090 3076 1366 3138 significatur
1403 3094 1478 3140 per
1515 3077 1638 3141 quod
1677 3074 1838 3122 emerit
1876 3076 2114 3130 Pharaoni,
2166 3095 2244 3140 per

268 3158 407 3206 quern
446 3142 786 3204 repraesentatur
820 3140 1038 3187 Naturale
1063 3140 1108 3188 in
1133 3144 1391 3198 communi,
1427 3144 1484 3190 de
1509 3160 1598 3207 qua
1625 3158 1681 3188 n:
1707 3139 1853 3200 5460.
1895 3157 2038 3205 5799.
2078 3144 2205 3204 6015
2232 3165 2245 3197 -,

266 3209 350 3257 sub
387 3207 585 3271 auspicio
623 3207 794 3257 Interni
831 3205 1014 3266 dicitur,
1052 3206 1300 3256 secundum
1333 3210 1408 3258 illa
1442 3226 1549 3274 quae
1575 3210 1718 3272 supra,
1757 3222 1818 3252 n:
1845 3207 1991 3270 6145,
2028 3210 2250 3272 explicata

271 3275 388 3323 sunt.

1156 3339 1196 3385 Z
1222 3355 1250 3386 z
1289 3356 1313 3386 2
2102 3340 2149 3385 6:
2172 3332 2248 3400 54..
