2566 3640
262 211 406 298 apgti
645 205 723 278 -43
857 204 926 277 ,ΖΞ
1054 201 1150 275 lif
1250 199 1344 276 ik?
1402 211 1404 213 ’
1464 194 1533 268 Ἇῗ
1657 198 1709 271 A?
1834 192 1898 271 ἑὶ

271 331 509 401 receperit,
532 349 643 384 num
662 333 805 392 vivet,
830 347 923 380 non
946 329 1090 387 vivet,
1114 327 1358 386 moriendo
1381 326 1603 377 morietur
1618 323 1654 348 '²
1687 331 1821 376 xvm
1839 341 1856 375 .·
1884 338 1960 379 τοι
1981 345 2002 379 1
2017 328 2059 380 1}
2082 327 2160 380 '122
2179 329 2267 397 '132

276 406 353 454 hic
375 403 491 468 quid
523 402 642 450 filius
674 401 905 448 violentus
928 397 979 446 δε
1002 395 1170 445 effusor
1204 390 1434 460 sanguinis
1469 394 1542 452 fit,
1587 391 1876 453 describitur,
1924 394 2026 446 sunt
2059 410 2169 464 quae
2199 397 2270 448 ibi

278 471 559 520 recensentur
582 467 736 516 omnia
760 482 896 530 opera
930 463 1156 512 charitatis
1180 476 1288 525 quae
1310 459 1514 517 destruit,
1549 459 1611 508 ita
1632 459 1755 510 filius
1777 460 2003 511 violentus
2030 462 2082 512 &
2103 463 2270 515 effusor

280 537 523 598 sanguinii,
575 535 637 580 est
675 533 922 580 destruetor
955 521 1182 580 enati-(tatis
1206 530 1256 577 &
1280 528 1404 577 fidei.
1474 525 1623 590 Apud
1659 526 1893 576 Davidem
1924 536 1959 562 ‘⁴²
1991 530 2161 581 Libera
2191 545 2270 582 me

285 602 497 668 jehovah
523 602 578 647 ab
602 601 789 647 homine
813 599 951 654 ma10,
984 613 1015 644 a
1037 599 1135 644 viro
1157 596 1462 645 violentiarum
1481 597 1614 658 ss’rva
1636 608 1715 649 me,
1748 592 1833 658 qui
1849 593 2056 659 cogitant
2082 598 2197 647 mala
2221 600 2270 648 in

283 669 441 725 corde,
479 681 578 714 toto
612 667 686 713 die
721 677 1001 728 congregant
1020 664 1062 711 se
1085 664 1140 711 ad
1177 662 1370 719 bellum,
1406 671 1637 708 exacuunt
1661 659 1867 723 linguam
1892 661 2015 710 suam
2033 664 2148 712 ficut
2182 665 2272 715 ser.

284 752 413 799 pens,
467 749 691 779 venenum
732 732 897 795 aspidis
921 731 1001 779 sub
1024 730 1153 779 labiis
1184 745 1373 777 eorum:
1408 727 1585 775 custodi
1618 742 1715 784 me,
1749 726 1976 787 jehovah,
2011 732 2272 790 affininibus

285 802 438 863 impii,
474 817 502 847 a
525 803 625 845 viro
644 799 944 847 violentiarum
965 799 1102 860 serva
1119 812 1201 846 me.
1248 795 1335 844 Vir
1358 795 1534 861 linguae
1554 809 1610 841 ne
1630 793 1832 841 subsistat
1851 792 1898 841 in
1918 804 2049 852 terra,
2081 799 2160 845 vir
2179 801 2273 847 vio-

288 871 425 918 lentiae
449 867 621 914 malum
661 879 847 913 venatur
869 867 918 912 in
940 862 1289 913 subversiones”
1328 861 1501 910 Psalm:
1527 874 1616 909 ext,
1633 877 1649 906 .·
1674 875 1719 908 2.
1749 877 1792 923 3.
1818 879 1865 920 4.
1892 875 1940 921 5.
1972 876 2050 919 12,
2087 864 2158 914 vir
2172 865 2275 912 vio-

287 934 527 982 lentiarum
555 948 636 996 pro
660 933 748 978 illis
772 933 851 995 qui
882 932 1119 980 destruunt
1145 945 1253 978 vera
1286 929 1396 978 fidei
1419 930 1469 977 δε
1491 928 1610 976 bona
1629 926 1873 985 charitati3‚
1909 928 2036 991 quod
2060 942 2274 995 pugnent

289 1014 444 1049 contra
470 1000 558 1055 illa,
596 999 874 1060 significatur
896 1013 978 1061 per
1006 997 1133 1063 quod
1158 1008 1261 1044 toto
1286 996 1362 1044 die
1384 1006 1667 1057 congregent
1692 994 1734 1041 se
1751 993 1807 1041 ad
1830 993 2024 1052 bellum,
2055 1009 2277 1053 exacuant

295 1068 501 1130 linguam
525 1066 638 1112 ficut
663 1065 856 1128 serpenS,
896 1065 1026 1129 quod
1059 1078 1287 1112 venen-um
1322 1061 1487 1126 aspi-dis
1509 1061 1593 1108 sub
1610 1059 1740 1108 labiis
1756 1068 1934 1117 eorum,
1973 1062 2027 1109 &
2048 1064 2174 1126 quod
2199 1080 2278 1112 ve-

294 1147 427 1181 netur
447 1131 624 1180 malum
643 1131 688 1178 in
708 1130 1027 1180 subversiones.
1099 1128 1164 1177 Et
1187 1141 1401 1193 praeterea
1419 1127 1546 1185 alibi,
1576 1138 1634 1175 ut
1652 1124 1812 1174 Ezech
1827 1143 1844 1173 .·
1865 1141 1941 1175 xn
1955 1145 1972 1175 .·
1994 1143 2068 1190 19.
2138 1130 2246 1192 Joe‘l
2260 1147 2278 1178 .-

298 1217 383 1248 xv:
415 1216 488 1263 19.
527 1197 740 1246 Malach:
765 1214 838 1245 11:
875 1198 948 1245 16.
993 1211 1070 1261 17.
1120 1195 1340 1260 Zephan:
1367 1210 1464 1242 111:
1487 1210 1537 1255 4.
1575 1191 1751 1241 Psalm:
1775 1208 1912 1246 :evm
1933 1210 1949 1241 .·
1973 1209 2054 1260 49.
2090 1194 2278 1259 Psalmg

296 1283 388 1315 zv:
413 1281 486 1315 10.
522 1267 595 1315 1'1.
627 1281 701 1314 12.
771 1264 956 1313 Psalm:
994 1279 1153 1311 Lvnt:
1183 1280 1227 1326 3.
1253 1280 1297 1320 4.
1325 1277 1372 1326 5.
1400 1261 1445 1310 6.
1516 1260 1674 1309 Deut:
1697 1274 1817 1307 xlx:
1849 1259 1924 1310 16.

367 1333 513 1395 6354.
552 1332 605 1379 In
630 1330 850 1379 secretum
884 1345 1044 1381 eorum
1070 1345 1126 1377 ne
1149 1328 1305 1377 veniat
1324 1327 1478 1392 anima
1502 1342 1621 1384 mea,
1654 1326 1781 1391 quod
1806 1325 2028 1391 significet
2050 1327 2176 1392 quod
2193 1329 2284 1379 ‘boss

296 1416 408 1447 num
432 1397 660 1461 spirituale
697 1414 788 1445 non
822 1396 928 1445 scire
950 1397 1063 1444 velit
1086 1390 1204 1445 mala
1225 1411 1334 1460 quae
1358 1394 1608 1455 voluntatis
1630 1408 1812 1451 eorum,
1846 1393 2019 1442 constat
2036 1410 2098 1443 ex
2120 1411 2285 1461 reprae-

296 1466 543 1514 sentatione
570 1464 759 1521 IsraeliS,
795 1464 877 1529 qui
899 1465 956 1511 de
980 1463 1023 1511 se
1047 1463 1134 1512 hoc
1166 1464 1295 1520 dicit,
1330 1461 1457 1528 quod
1479 1461 1535 1509 ‘fit
1558 1461 1733 1526 bonum
1759 1459 1998 1525 spirituale,
2033 1460 2091 1509 de
2108 1477 2199 1526 qua·
2221 1479 2280 1512 n:

298 1533 429 1594 6340
451 1551 467 1585 3
503 1547 530 1578 a
555 1530 879 1594 significatione
896 1532 944 1579 in
966 1529 1180 1578 secretum
1195 1544 1292 1576 *non
1309 1528 1479 1585 veniat,
1505 1526 1634 1591 quod
1653 1526 1705 1575 s1t
1720 1541 1811 1574 non
1830 1527 1938 1577 scire
1952 1526 2087 1589 velle,
2112 1544 2284 1595 nempe

299 1599 418 1646 mala
439 1613 548 1661 quae
571 1597 832 1654 voluntatis,
868 1612 976 1662 quae
999 1595 1312 1659 significant-ur
1328 1610 1412 1659 per
1434 1593 1760 1642 Scsshvimeonem
1783 1594 1835 1642 δε
1857 1593 1995 1651 Levi,
2033 1610 2063 1641 n
2077 1610 2095 1639 .·
2118 1595 2246 1657 6352
2265 1613 2285 1643 .·

299 1667 575 1717 anit-‘tramea
607 1663 786 1720 dicitur,
821 1664 932 1728 quia
954 1678 1033 1727 per
1055 1664 1255 1717 animam
1270 1662 1344 1709 -ibi
1368 1658 1760 1724 significatui-'vita
1783 1658 1910 1716 boni,
1944 1675 2054 1724 quae
2074 1659 2140 1707 est
2160 1663 2288 1710 bono

300 1731 521 1795 spirituali
540 1753 556 1786 ;
591 1731 688 1779 vita
706 1730 801 1778 veri
819 1746 925 1793 quae
947 1731 1007 1786 ei,
1043 1729 1325 1792 significatur
1349 1743 1427 1791 per
1449 1725 1662 1789 gloriam,
1698 1724 1757 1772 de
1779 1741 1871 1790 qua
1895 1741 2013 1773 nunc
2028 1726 2250 1790 sequitur.

369 1798 515 1861 6355.
555 1798 608 1845 In
627 1796 985 1858 congregatione
1001 1811 1162 1844 eorum
1186 1811 1241 1843 ne
1260 1794 1436 1842 uniatur
1453 1792 1600 1857 gloria
1625 1807 1739 1848 mea,
1767 1792 1901 1856 quod
1921 1791 2142 1854 significet
2157 1793 2285 1856 quod

302 1880 386 1911 nec
411 1879 570 1911 verum
595 1864 704 1910 boni
729 1862 969 1925 spiritualis
992 1862 1100 1910 scire
1123 1861 1235 1909 velit
1259 1861 1362 1909 falsa
1385 1859 1680 1921 cogitationis
1705 1873 1866 1906 eorum
1901 1858 2024 1916 inde,
2059 1859 2236 1908 constat
2257 1876 2288 1910 a

302 1930 696 1993 repraesentatione
720 1929 909 1987 IsraeliS,
944 1929 1072 1992 quod
1091 1929 1144 1977 fit
1162 1929 1338 1977 bonurn
1363 1925 1607 1991 spirituale,
1639 1925 1700 1972 de
1725 1941 1891 1988 quan:
1916 1927 2048 1990 6340
2070 1947 2084 1982 3
2120 1941 2177 1975 ex
2196 1927 2287 1990 fig·-

308 1998 600 2045 nifificatione
625 1998 670 2043 in
696 1995 1054 2058 congregatione
1071 2010 1315 2043 eorumne
1334 1994 1535 2049 uniatur,
1571 1991 1699 2055 quod
1725 1991 1777 2038 fit
1811 2007 1901 2039 non
1926 1990 2144 2056 conjungi
2167 1993 2286 2042 velle

306 2064 423 2111 falsis
450 2062 742 2126 cogitationis
779 2078 956 2119 eorum,
995 2062 1054 2109 ita
1077 2076 1275 2126 quoque
1300 2076 1390 2108 non
1432 2058 1541 2106 scire
1574 2058 1689 2105 velle
1726 2073 1811 2112 ea;
1857 2057 1961 2106 falsa
1993 2059 2291 2120 cogitationis

307 2129 615 2191 significantur
638 2144 719 2192 per
742 2129 1179 2191 congregationem,
1224 2125 1526 2190 congregatio
1560 2125 1685 2173 enim
1721 2125 1834 2172 ficut
1875 2123 2127 2191 multitudo
2165 2141 2289 2188 prae-

309 2196 484 2244 dicatur
506 2196 564 2242 de
589 2195 723 2251 veriS,
760 2197 809 2243 &
833 2197 877 2241 in
904 2192 1116 2259 opposito
1139 2193 1263 2241 sensu
1282 2194 1339 2241 de
1374 2192 1526 2246 falsis3
1574 2192 1624 2243 &
1655 2206 1713 2239 ex
1736 2191 2065 2254 significatione
2105 2191 2288 2252 gloriae,

311 2263 436 2326 quod
473 2262 741 2325 praedicetur
773 2262 829 2308 de
847 2262 993 2319 Vero,
1044 2261 1103 2308 de
1125 2275 1289 2325 quan:
1316 2264 1464 2324 4809.
1493 2272 1642 2322 5922,
1677 2273 1840 2306 verum
1877 2257 2003 2306 enim
2043 2256 2108 2305 est
2144 2257 2295 2325 gloria.
2324 2306 2331 2311 ,
2372 2276 2374 2278 ’

310 2329 396 2377 illis
420 2329 501 2392 qui
522 2328 567 2374 in
589 2328 711 2376 bono
731 2327 962 2390 spirituali.

377 2395 521 2456 6356.
560 2394 681 2458 Qia
706 2394 750 2440 in
778 2395 838 2442 ira
862 2394 935 2442 sua
959 2392 1224 2442 occiderunt
1260 2391 1434 2447 virum,
1469 2389 1599 2456 quod
1637 2388 1858 2452 significet
1894 2389 2025 2455 quod
2050 2389 2094 2438 se
2112 2400 2297 2438 averte·-

310 2461 399 2508 rint
433 2460 608 2521 prorsus
632 2461 752 2508 &in
776 2461 1004 2509 aversione
1042 2459 1335 2508 exstinxerint
1375 2457 1535 2514 fidem,
1570 2457 1741 2505 constat
1763 2472 1820 2506 ex
1839 2456 2286 2520 significatione-irae,
2351 2508 2353 2510 ,

310 2527 438 2591 quod
463 2528 514 2574 lit
533 2529 708 2574 receffio
726 2544 751 2574 a
767 2528 998 2583 charitate,
1035 2528 1084 2574 δε
1108 2526 1295 2582 aversio,
1332 2525 1389 2572 de
1413 2541 1504 2588 qua
1529 2540 1585 2571 n:
1614 2539 1723 2590 357.
1751 2526 2051 2586 5034..5·79-8
2076 2545 2090 2579 3
2125 2538 2182 2569 ex
2201 2522 2292 2586 fig·

310 2595 569 2640 nificatione
600 2593 820 2651 occidere,
857 2593 981 2658 quod
1006 2592 1059 2640 fit
1089 2592 1404 2656 exstinguere3
1440 2593 1490 2639 δε
1509 2606 1567 2638 ex
1590 2590 1919 2653 significatione
1947 2589 2053 2647 viri,
2089 2589 2216 2654 quod
2239 2588 2300 2637 fir

309 2675 477 2707 verum
514 2659 638 2715 fidei,
673 2658 730 2705 de
752 2675 840 2722 qua
864 2672 915 2707 n:
945 2675 1089 2722 3134.
1126 2675 1270 2721 3309.
1309 2672 1455 2721 3459.
1480 2661 1627 2719 4823.

382 2726 438 2787 63
450 2741 527 2790 57.
564 2725 627 2772 Et
653 2726 698 2771 in
723 2727 1005 2789 beneplacito
1029 2725 1109 2772 suo
1132 2739 1402 2772 enervarunt
1442 2725 1628 2779 bovem,
1677 2722 1802 2787 quod
1838 2721 2061 2786 fignificet
2084 2719 2209 2786 quod
2234 2733 2294 2766 ex

313 2807 453 2854 prava
478 2791 711 2838 voluntate
735 2793 913 2855 prorsus
937 2791 1277 2839 debilitaverint
1302 2791 1477 2837 bonum
1502 2801 1741 2836 externum
1757 2791 1883 2853 quod
1907 2789 2147 2844 charitatis,
2183 2800 2293 2833 con-

316 2858 396 2903 stat
421 2872 476 2903 ex
501 2857 825 2920 significatione
858 2855 1148 2921 beneplaciti,
1198 2857 1653 2921 quodfiitvoluntas,
1691 2857 1764 2903 hic
1788 2855 1998 2903 voluntas
2021 2868 2188 2918 prava3
2235 2866 2298 2898 ex

318 2924 645 2985 significatione
669 2940 894 2981 enervare,
930 2924 1053 2980 Quod
1073 2924 1128 2971 fit
1147 2923 1386 2971 debilitare
1408 2944 1422 2978 3
1473 2923 1521 2970 δε
1546 2938 1601 2968 ex
1628 2923 1951 2983 significatione
1976 2921 2120 2975 bovis,
2167 2917 2299 2981 quod

319 2988 371 3035 sit
392 2990 560 3036 bonum
578 2989 802 3037 charitatis
822 2983 1020 3038 naturale
1041 2989 1113 3037 seu
1127 3003 1381 3046 externum,
1400 2989 1456 3035 de
1471 3005 1564 3053 quai
1581 3005 1636 3035 n:
1659 3004 1683 3034 2
1696 3007 1716 3037 1²
1729 2992 1801 3037 80.
1817 2986 1960 3050 2566.
1980 2987 2068 3049 278
2083 3002 2100 3032 1
2113 3021 2123 3031 .
2152 2984 2299 3047 Qod

320 3055 393 3101 hic
417 3055 597 3101 dicatur
620 3056 677 3102 de
702 3057 836 3112 bove,
873 3059 921 3105 δε
942 3073 1053 3104 mox
1073 3057 1195 3119 prius
1218 3057 1274 3104 de
1292 3058 1409 3112 viro,
1446 3055 1510 3102 est
1527 3054 1629 3119 quia
1649 3070 1730 3117 per
1748 3056 1899 3100 virum
1920 3051 2196 3113 fignificatur
2221 3065 2297 3098 ve·-

314 3137 421 3167 rum
460 3121 584 3184 quod
617 3122 740 3178 fidei,
792 3125 841 3170 δε
867 3139 945 3186 per
968 3124 1136 3170 bovem
1178 3123 1355 3170 bonum
1389 3122 1514 3184 quod
1552 3120 1793 3176 charitatis,
1850 3120 1901 3166 ὅτ
1922 3117 2009 3164 hoc
2032 3130 2085 3164 ut
2108 3133 2217 3170 cum
2236 3117 2297 3164 de

314 3188 456 3242 bono,
507 3185 648 3235 etiarn
680 3189 736 3237 de
767 3205 879 3240 vero
911 3201 1082 3253 agatur,
1132 3189 1194 3238 ob
1224 3186 1497 3254 conjugium
1534 3186 1714 3236 coeleste
1750 3186 1796 3234 in
1832 3183 2018 3249 fingulis
2040 3182 2199 3240 Verbi,
2233 3196 2299 3232 nt

318 3254 470 3317 ⁶343·
2295 3318 2298 3326 ,

2147 3315 2302 3383 6358..
