2626 3666
334 199 501 287 „1274
730 188 838 269 'Gt‘
960 187 1041 259 E
1088 209 1090 211 ’
1142 240 1146 246 ·
1166 185 1263 259 N
1362 181 1457 256 Ε
1505 184 1704 258 Ι·8
1740 182 1823 256 :I
1943 186 2013 263 ‘S

363 317 592 384 ceptionis
624 316 823 380 gradum
848 316 982 364 inde:
1020 330 1074 362 ne
1110 314 1306 378 peccetis
1324 316 1377 363 >in
1401 324 1579 372 natum,
1602 311 1838 377 fignificat
1861 330 1917 364 ne
1942 314 2263 380 sejungantur-2
2299 317 2354 369 δε

368 403 462 436 non
488 384 826 441 auscultavistis,
863 381 1082 447 fignificat
1106 397 1198 429 non
1223 383 1560 446 receptionem:
1598 380 1648 441 δε
1673 383 1808 431 etiam
1832 382 2012 447 sanguis
2040 383 2134 447 ejus
2158 401 2257 432 ecce
2281 385 2353 433 in·

367 453 583 516 quiritur,
622 451 841 512 fignificat
865 447 1152 496 conscientiae
1172 448 1343 496 morsus
1368 448 1474 495 inde
1495 465 1508 494 ε
1545 447 1594 494 δι
1619 446 1684 495 illi
1707 465 1803 497 non
1827 448 2200 517 sciverunt-quod
2225 451 2355 499 audi·

328 571 332 576 ,
368 534 448 569 ens
465 518 658 584 Joseph‚
682 516 907 578 significat
929 514 1054 580 quod
1073 530 1097 560 e
1118 515 1307 564 naturali
1326 514 1446 571 luce,
1471 514 1516 562 in
1535 529 1631 578 qua·
1645 530 1748 562 vera
1764 515 1856 572 illa,
1892 532 1984 567 non
2001 521 2207 567 credatur
2223 517 2355 583 quod

367 601 397 632 e
429 585 645 648 spirituali
669 585 767 631 luce
798 581 956 631 omnia
983 581 1262 645 appareant:
1296 583 1405 646 quia
1442 581 1661 644 interpres
1683 583 1800 630 inter
1821 581 1951 639 illos,
1978 585 2204 646 fignificat
2226 584 2356 649 quod

370 664 481 699 tunc
515 650 762 713 spiritualia
802 647 979 713 prorsus
1010 650 1138 697 aliter
1158 647 1425 713 capiantur:
1449 647 1500 696 &
1521 648 1761 698 conversus
1783 666 1808 696 a
1832 647 1964 711 super
1994 649 2097 707 illis,
2132 652 2359 714 fignificat

333 771 337 775 ⁴
370 717 544 779 aliquid
568 716 875 765 retraEtionis:
911 716 962 766 &
986 713 1132 773 flevit,
1166 706 1391 778 fignificat
1427 712 1809 765 misericordiam:
1844 715 1897 762 &
1920 716 2052 765 rediit
2074 716 2133 764 ad
2155 718 2273 775 illos,
2308 718 2362 767 δε

371 784 588 847 loquutus
612 783 668 830 ad
695 783 810 839 illos,
844 781 1067 843 fignificat
1091 780 1321 831 influxum
1342 800 1354 830 ι
1391 781 1440 829 &
1463 782 1637 843 accepit
1659 798 1714 830 ex
1735 783 1821 830 illis
1846 782 2189 840 Schimeonem,
2224 784 2360 847 figni-

370 851 473 896 ficat
500 851 639 897 fidem
673 849 941 897 voluntate:
978 847 1029 895 ὅτ
1052 847 1256 896 μνῐηςίνὶῑ
1291 849 1442 907 illurn,
1476 846 1699 910 fignificat
1729 848 2085 914 separationem:
2121 850 2178 897 ad
2203 851 2361 899 oculos

367 913 572 972 illorum,
609 915 830 976 fignificat
852 917 910 962 ad
929 916 1351 978 apperceptionem.
2147 937 2153 941 “

437 983 585 1045 5468.
622 982 686 1031 Et
714 981 926 1031 dixerunt
949 982 1021 1029 vir
1043 983 1100 1029 ad
1124 980 1305 1030 fratrem
1336 983 1490 1042 suum,
1525 983 1651 1048 quod
1673 982 1897 1044 fignificet
1928 983 2270 1048 perceptionem
2299 982 2361 1033 de

368 1049 513 1105 causa,
547 1048 719 1098 constat
741 1065 799 1096 ex
821 1047 1147 1111 significatione
1179 1048 1327 1097 dicere
1351 1050 1397 1097 in
1421 1051 1641 1099 historicis
1676 1049 1838 1106 Verbi,
1872 1052 2000 1113 quod
2025 1051 2080 1099 fit
2103 1049 2358 1114 perceptio,

370 1115 430 1163 de
456 1131 547 1181 qua
571 1132 631 1163 n:
663 1118 805 1179 179'1.
831 1117 972 1174 1815.
1009 1117 1146 1179 1819.
1174 1118 1316 1169 1822.
1345 1119 1486 1179 1898.
1513 1133 1653 1180 19¹9·
1683 1119 1828 1166 20'80.
1854 1117 2000 1182 2619.
2029 1125 2193 1180 35o9;
2228 1117 2279 1164 ὅτ,
2302 1130 2363 1164 ex

368 1183 697 1244 significatione
728 1181 799 1228 vir
833 1181 889 1227 ad
923 1177 1126 1238 fratrem,
1164 1182 1291 1243 quod
1322 1182 1377 1229 fit
1410 1194 1595 1239 mutuo,
1632 1182 1690 1230 de
1719 1198 1810 1246 qua
1843 1197 1904 1229 n:
1930 1197 2095 1247 4725:
2132 1183 2207 1229 hic
2228 1182 2361 1244 quod

370 1249 584 1296 dixerunt
603 1248 672 1294 vir
693 1247 751 1295 ad
768 1246 948 1294 fratrem
970 1246 1118 1302 suum,
1146 1247 1421 1309 significetur
1442 1248 1678 1312 perceptio
1697 1249 1754 1294 de
1777 1248 1921 1306 causa,
1955 1264 2121 1311 nempe
2138 1263 2220 1308 cur
2237 1248 2374 1311 Jose-

367 1318 487 1380 phus
504 1315 613 1360 dura
632 1314 868 1377 loquutus,
905 1314 1113 1360 vocando
1132 1313 1230 1360 illos
1247 1315 1573 1378 exploratores,
1610 1315 1661 1363 &
1683 1315 1811 1378 quod
1831 1315 1877 1362 in
1896 1315 2097 1364 custodia
2115 1313 2370 1364 detinuerit

369 1382 511 1430 tribus
534 1380 711 1437 diebus,
748 1379 944 1443 esttquia
965 1378 1010 1426 in
1033 1395 1149 1425 nunc
1174 1379 1459 1441 sequentibus
1483 1380 1796 1437 sermocinatio
1819 1397 1984 1430 eorum
2008 1393 2168 1434 mutua
2188 1381 2284 1444 agit
2303 1382 2371 1430 de

367 1448 525 1501 causw,
563 1462 702 1510 quare
727 1446 784 1493 de
809 1448 890 1493 hac
916 1445 1151 1509 perceptio
1176 1444 1471 1508 significatur.

439 1513 583 1578 5469.
626 1512 856 1568 Profeeto,
894 1512 954 1559 rei
992 1512 1148 1559 sumus
1189 1527 1270 1559 nos
1309 1511 1438 1576 super
1480 1512 1665 1561 fratrem
1710 1512 1935 1569 nostrum,
1969 1513 2106 1578 quod'
2142 1512 2378 1576 fignificee

369 1581 498 1647 quod
524 1580 567 1627 in
593 1580 725 1641 culpa
749 1579 833 1626 sint
873 1579 978 1643 quia
999 1579 1364 1627 abalienaverunt
1397 1581 1627 1628 internum
1654 1594 1733 1642 per
1766 1596 1859 1627 non
1885 1581 2196 1643 receptionem
2235 1578 2367 1639 boni,

370 1647 546 1696 constat
567 1662 624 1693 ex
647 1644 978 1708 significatione
1013 1646 1142 1692 Reus
1179 1645 1283 1701 effe,
1318 1647 1443 1710 quod
1470 1647 1521 1709 fit
1548 1646 1593 1692 in
1618 1646 1751 1708 culpa
1774 1648 1878 1702 esse,
1916 1648 1966 1695 ὅτ,
1991 1647 2035 1694 in
2057 1648 2369 1711 imputatione

370 1725 563 1780 propter
601 1711 893 1773 rejectionem
929 1711 1039 1759 boni
1076 1713 1125 1758 &
1150 1712 1265 1769 veri,
1303 1711 1361 1758 de
1384 1729 1477 1776 qua
1519 1729 1580 1759 n:
1610 1729 1773 1776 34003
1809 1714 1860 1762 δε
1884 1729 1941 1762 ex
1967 1714 2371 1777 repraesentatione

372 1779 583 1846 Josephi,
618 1779 701 1843 qui
725 1778 798 1825 hic
820 1777 884 1825 est
907 1776 1042 1824 frater
1061 1778 1194 1842 super
1215 1795 1355 1842 quem
1382 1780 1460 1832 rei,
1485 1779 1609 1843 quod
1635 1779 1687 1827 fit
1713 1781 1941 1829 internum
1966 1781 2094 1845 quod
2120 1778 2373 1843 rejecerunt

370 1848 447 1897 seu
472 1845 852 1901 abalienaverunt,
887 1860 968 1906 per
991 1843 1242 1907 Josephum
1269 1846 1391 1892 enim
1418 1847 1468 1893 &
1494 1843 1806 1908 Benjaminem
1847 1847 2186 1911 repraesentatur
2225 1839 2374 1893 Infer-

373 1930 491 1962 num
518 1910 748 1966 Ecclesiae,
784 1923 828 1957 at
860 1927 939 1973 per
955 1911 1113 1958 decem
1158 1912 1353 1975 reliquos
1392 1911 1511 1960 filios
1551 1912 1712 1974 Jacobi
1753 1912 2012 1961 Externum
2049 1911 2158 1975 ejuS,
2194 1911 2374 1961 Rachel

372 1981 514 2034 enim,
550 1995 608 2026 ex
630 1993 722 2042 qua
745 1977 967 2040 Josephus
990 1979 1040 2026 &
1065 1975 1321 2040 Benjamin,
1360 1978 1424 2026 est
1461 1977 1645 2027 affectio
1669 1978 1764 2026 veri
1802 1980 2044 2035 interioris,
2080 1980 2129 2028 δε
2152 1979 2281 2026 Leah
2304 1977 2377 2026 af-

374 2044 516 2095 feffiu
537 2045 634 2093 veri
660 2044 908 2099 exterioris,
945 2061 1005 2091 n:
1034 2046 1179 2109 3758.
1209 2047 1352 2109 3782.
1385 2061 1527 2108 3793.
1557 2048 1720 2111 38193
1758 2045 1803 2092 in
1831 2047 1920 2093 hoc
1944 2045 2110 2109 Capite
2136 2061 2215 2108 per
2238 2044 2372 2108 Jose·

373 2113 525 2177 phum
550 2110 886 2174 repraesentatur
910 2110 1107 2158 Coeleste
1132 2110 1370 2173 spiritualis
1390 2111 1461 2160 seu
1486 2108 1661 2159 Verum
1685 2129 1710 2158 a
1733 2112 1931 2168 Divino,
1967 2111 2092 2176 quod
2132 2111 2196 2159 est
2224 2113 2372 2159 Inter·-

376 2194 508 2234 num,
546 2194 623 2241 per
643 2175 881 2240 Benjarnin
907 2175 1131 2241 spirituale
1161 2177 1370 2234 coelestiS,
1407 2178 1533 2242 quod
1559 2178 1621 2225 est
1646 2178 1856 2227 medium
1884 2179 2133 2241 procedens
2159 2178 2281 2236 inde,
2317 2178 2372 2227 δε

375 2262 459 2310 per
483 2246 639 2292 decem
665 2243 784 2290 filios
803 2243 962 2304 Jacobi
988 2243 1185 2306 reliquos
1209 2244 1576 2307 repraesentantur
1612 2261 1717 2292 vera
1741 2244 1956 2294 Ecclesiae
1979 2259 2201 2301 externae‚
2237 2244 2300 2292 ita
2323 2246 2374 2293 in

377 2310 584 2369 naturali,
620 2321 671 2356 ut
693 2309 857 2372 pluries
881 2308 1013 2372 supra
1036 2309 1247 2364 dietum3
1282 2311 1432 2371 agitur
1466 2311 1603 2357 etiam
1645 2311 1702 2359 de
1740 2309 2060 2373 conjunctione
2087 2309 2256 2359 Interni
2283 2309 2373 2358 Ec-

378 2377 528 2427 clefiae
556 2391 662 2424 cum
698 2375 905 2424 Externo
926 2374 1036 2439 ejus,
1071 2377 1118 2423 in
1136 2379 1376 2424 communi
1399 2377 1450 2425 δε
1473 2377 1746 2441 particulari,
1781 2377 2088 2443 unusquisque
2130 2377 2255 2424 eni-m
2289 2377 2378 2426 hu*-

381 2460 463 2492 mo
485 2442 570 2490 erit
595 2441 794 2490 Ecclesia
817 2445 864 2490 in
889 2441 1162 2505 particulari,
1199 2455 1252 2490 ut
1278 2443 1330 2490 sit
1365 2459 1464 2507 pars
1490 2443 1704 2492 Ecclefiae
1741 2444 2034 2499 commu-nis3
2071 2446 2115 2493 in
2157 2443 2382 2507 supremov

376 2522 532 2558 autem
558 2508 680 2556 sensu
705 2508 854 2570 agitur
890 2509 948 2556 de
974 2509 1206 2565 Domino,
1241 2510 1485 2573 quomodo
1511 2511 1609 2575 Ipse
1648 2514 1853 2561 univerat
1876 2512 2114 2560 Internum
2145 2526 2253 2559 curn
2277 2508 2375 2559 Ex-

378 2590 510 2626 terno
546 2575 591 2622 in
612 2575 839 2624 Humano
862 2576 960 2630 suo,
997 2589 1045 2622 ut
1077 2576 1120 2624 id
1148 2576 1373 2625 Divinum
1399 2577 1578 2626 faceret.

451 2657 597 2708 5470.
637 2642 759 2689 Cum
794 2642 999 2689 vidimus
1033 2643 1285 2704 angustiam
1322 2645 1507 2699 animae,
1551 2642 1680 2708 quod
1735 2641 1958 2707 significet
2005 2640 2167 2691 statum
2200 2640 2374 2690 Inter-ni

383 2708 550 2756 interea
573 2723 680 2756 cum
704 2708 1025 2763 abalienatum,
1062 2710 1234 2756 constat
1269 2725 1326 2755 ex
1348 2710 1675 2773 significatione
1699 2708 1923 2771 angustiae
1945 2708 2131 2766 animae,
2166 2708 2292 2772 quod
2316 2709 2371 2757 fit

382 2774 516 2823 status
540 2777 585 2820 in
610 2789 704 2837 quo
728 2773 963 2821 Internum
987 2789 1094 2821 cuin
1126 2774 1400 2823 abalienatur
1443 2777 1501 2823 ab
1530 2776 1755 2823 Externo.
1834 2776 1956 2823 Cum
1999 2775 2087 2822 hoc
2109 2774 2221 2821 statu
2244 2774 2307 2822 ita
2330 2774 2379 2823 se

383 2841 537 2899 hahet,
573 2841 804 2889 Dominus
825 2839 1040 2887 continue
1066 2840 1215 2889 influit
1236 2841 1357 2906 apud
1385 2842 1626 2891 hominem
1650 2858 1759 2890 cum
1794 2843 1934 2896 bono,
1968 2845 2019 2888 &
2044 2839 2087 2886 in
2115 2841 2238 2887 bono
2260 2856 2375 2889 cum

382 2922 530 2960 vero·,
564 2918 608 2954 at
632 2906 776 2956 homo
797 2906 844 2954 id
867 2906 942 2953 vel
965 2905 1125 2969 recipit
1146 2906 1222 2955 vel
1255 2924 1347 2956 non
1372 2908 1567 2972 recipit;
1604 2909 1637 2957 fi
1670 2908 1847 2972 recipit,
1884 2909 1995 2953 bene
2032 2921 2138 2953 cum
2177 2907 2256 2953 illo
2290 2906 2381 2964 est,

383 2973 418 3021 sl
453 2985 604 3019 autem
641 2988 731 3021 non
765 2971 924 3036 recipit
963 2972 1081 3020 male
1113 2989 1219 3022 cum
1245 2974 1323 3022 illo
1355 2974 1454 3030 est;
1489 2993 1597 3024 cum
1623 2992 1712 3022 non
1739 2972 1912 3035 recipit,
1950 2971 1981 3018 fi
2014 2984 2117 3019 tunc
2144 2972 2276 3020 sentit
2299 2973 2380 3020 ali-

382 3038 496 3102 quid
515 3037 655 3094 anxii,
678 3039 806 3103 quod
826 3039 900 3086 hic
922 3038 986 3087 est
1004 3039 1207 3101 angustia
1236 3041 1426 3099 animae,
1463 3043 1561 3104 spes
1585 3042 1648 3089 est
1666 3043 1788 3105 quo]
1811 3037 2040 3085 reformat?
2069 3052 2237 3104 queat3
2274 3052 2318 3087 at
2340 3038 2380 3092 fi

383 3119 476 3153 non
502 3104 671 3167 aliquid
697 3105 820 3153 anxii
849 3104 994 3160 sentit,
1032 3105 1129 3169 spes
1151 3107 1407 3162 evanescit·,
1443 3107 1542 3155 sunt
1563 3110 1684 3156 enim
1713 3107 1832 3167 apud
1860 3104 2096 3152 hominem
2121 3121 2378 3169 quemcun-

382 3185 476 3239 que
510 3170 607 3226 bini
644 3169 827 3237 spiritus
854 3171 911 3222 ab
934 3170 1146 3234 instruc,
1197 3173 1248 3225 ὅτ
1283 3173 1385 3235 ⁴bini
1423 3175 1574 3238 angeli
1615 3190 1641 3243 e
1662 3173 1820 3242 coelen
1852 3187 1963 3223 nam
1994 3172 2141 3242 homo
2178 3173 2288 3237 quia
2328 3172 2380 3245 in

2170 3248 2387 3306 peccatis.
