<?xml version="1.0" encoding="UTF-8"?>
<!DOCTYPE html PUBLIC "-//W3C//DTD XHTML 1.0 Transitional//EN"
    "http://www.w3.org/TR/xhtml1/DTD/xhtml1-transitional.dtd">
<html xmlns="http://www.w3.org/1999/xhtml" xml:lang="en" lang="en">
 <head>
  <title>
</title>
<meta http-equiv="Content-Type" content="text/html;charset=utf-8" />
  <meta name='ocr-system' content='tesseract 3.04.00' />
  <meta name='ocr-capabilities' content='ocr_page ocr_carea ocr_par ocr_line ocrx_word'/>
</head>
<body>
  <div class='ocr_page' id='page_1' title='image "arcanacaelestiaq05sweduoft_0461.png"; bbox 0 0 2566 3640; ppageno 0'>
   <div class='ocr_carea' id='block_1_1' title="bbox 462 242 2305 352">
    <p class='ocr_par' dir='ltr' id='par_1_1' title="bbox 462 242 2305 352">
     <span class='ocr_line' id='line_1_1' title="bbox 462 242 2305 352; baseline -0.003 -29"><span class='ocrx_word' id='word_1_1' title='bbox 462 245 770 323; x_wconf 74' lang='lat' dir='ltr'>CAPUT</span> <span class='ocrx_word' id='word_1_2' title='bbox 809 242 1664 335; x_wconf 76' lang='lat' dir='ltr'>QUADRAGESIMUM</span> <span class='ocrx_word' id='word_1_3' title='bbox 1688 244 2118 317; x_wconf 60' lang='lat' dir='ltr'>«NONUM.</span> <span class='ocrx_word' id='word_1_4' title='bbox 2168 268 2305 352; x_wconf 78' lang='lat'>447</span> 
     </span>
    </p>
   </div>
   <div class='ocr_carea' id='block_1_2' title="bbox 281 375 2388 3235">
    <p class='ocr_par' dir='ltr' id='par_1_2' title="bbox 300 375 2388 1252">
     <span class='ocr_line' id='line_1_2' title="bbox 314 375 2303 453; baseline -0.007 -14"><span class='ocrx_word' id='word_1_5' title='bbox 314 403 397 453; x_wconf 83' lang='lat' dir='ltr'>per</span> <span class='ocrx_word' id='word_1_6' title='bbox 416 380 607 438; x_wconf 84' lang='lat' dir='ltr'>thronis,</span> <span class='ocrx_word' id='word_1_7' title='bbox 643 381 694 428; x_wconf 88' lang='grc' dir='ltr'>ὅτ</span> <span class='ocrx_word' id='word_1_8' title='bbox 709 377 961 444; x_wconf 87' lang='lat' dir='ltr'>judicaturi</span> <span class='ocrx_word' id='word_1_9' title='bbox 984 391 1143 442; x_wconf 89' lang='lat' dir='ltr'>gentes</span> <span class='ocrx_word' id='word_1_10' title='bbox 1165 378 1216 426; x_wconf 90' lang='grc' dir='ltr'>ὅτ</span> <span class='ocrx_word' id='word_1_11' title='bbox 1239 377 1472 441; x_wconf 80' lang='lat' dir='ltr'>populos3</span> <span class='ocrx_word' id='word_1_12' title='bbox 1507 377 1559 424; x_wconf 86' lang='grc' dir='ltr'>ὅτ</span> <span class='ocrx_word' id='word_1_13' title='bbox 1581 375 1705 440; x_wconf 92' lang='lat' dir='ltr'>quod</span> <span class='ocrx_word' id='word_1_14' title='bbox 1731 375 1981 424; x_wconf 86' lang='lat' dir='ltr'>duodecim</span> <span class='ocrx_word' id='word_1_15' title='bbox 2006 377 2222 440; x_wconf 89' lang='lat' dir='ltr'>Apostoli</span> <span class='ocrx_word' id='word_1_16' title='bbox 2250 381 2303 428; x_wconf 87' lang='lat' dir='ltr'>fi-</span> 
     </span>
     <span class='ocr_line' id='line_1_3' title="bbox 313 443 2298 511; baseline -0.01 -6"><span class='ocrx_word' id='word_1_17' title='bbox 313 455 484 504; x_wconf 80' lang='lat' dir='ltr'>militer</span> <span class='ocrx_word' id='word_1_18' title='bbox 513 449 664 498; x_wconf 81' lang='lat' dir='ltr'>seffuri</span> <span class='ocrx_word' id='word_1_19' title='bbox 690 449 774 495; x_wconf 82' lang='lat' dir='ltr'>[int</span> <span class='ocrx_word' id='word_1_20' title='bbox 793 446 923 511; x_wconf 86' lang='lat' dir='ltr'>super</span> <span class='ocrx_word' id='word_1_21' title='bbox 946 444 1136 501; x_wconf 86' lang='lat' dir='ltr'>thronis,</span> <span class='ocrx_word' id='word_1_22' title='bbox 1171 446 1222 492; x_wconf 90' lang='grc' dir='ltr'>ὅτ</span> <span class='ocrx_word' id='word_1_23' title='bbox 1238 443 1487 508; x_wconf 89' lang='lat' dir='ltr'>judicaturi</span> <span class='ocrx_word' id='word_1_24' title='bbox 1509 443 1753 490; x_wconf 86' lang='lat' dir='ltr'>duodecim</span> <span class='ocrx_word' id='word_1_25' title='bbox 1779 443 1951 490; x_wconf 86' lang='lat' dir='ltr'>Tribus</span> <span class='ocrx_word' id='word_1_26' title='bbox 1976 444 2179 499; x_wconf 71' lang='lat' dir='ltr'>Israelis,</span> <span class='ocrx_word' id='word_1_27' title='bbox 2214 448 2298 509; x_wconf 78' lang='lat' dir='ltr'>qui</span> 
     </span>
     <span class='ocr_line' id='line_1_4' title="bbox 309 509 2296 573; baseline -0.006 -4"><span class='ocrx_word' id='word_1_28' title='bbox 309 537 405 571; x_wconf 89' lang='lat' dir='ltr'>non</span> <span class='ocrx_word' id='word_1_29' title='bbox 420 517 596 570; x_wconf 85' lang='lat' dir='ltr'>sensum</span> <span class='ocrx_word' id='word_1_30' title='bbox 613 515 842 562; x_wconf 83' lang='lat' dir='ltr'>internum</span> <span class='ocrx_word' id='word_1_31' title='bbox 865 511 1005 559; x_wconf 83' lang='lat' dir='ltr'>Verbi</span> <span class='ocrx_word' id='word_1_32' title='bbox 1030 512 1179 567; x_wconf 88' lang='lat' dir='ltr'>novit,</span> <span class='ocrx_word' id='word_1_33' title='bbox 1213 511 1367 558; x_wconf 86' lang='lat' dir='ltr'>credet</span> <span class='ocrx_word' id='word_1_34' title='bbox 1383 509 1511 573; x_wconf 90' lang='lat' dir='ltr'>quod</span> <span class='ocrx_word' id='word_1_35' title='bbox 1529 509 1590 556; x_wconf 86' lang='lat' dir='ltr'>ita</span> <span class='ocrx_word' id='word_1_36' title='bbox 1614 510 1694 556; x_wconf 89' lang='lat' dir='ltr'>fiet</span> <span class='ocrx_word' id='word_1_37' title='bbox 1714 529 1729 563; x_wconf 88' lang='lat'>;</span> <span class='ocrx_word' id='word_1_38' title='bbox 1763 521 1811 556; x_wconf 87' lang='lat' dir='ltr'>at</span> <span class='ocrx_word' id='word_1_39' title='bbox 1833 511 2076 572; x_wconf 90' lang='lat' dir='ltr'>quomodo</span> <span class='ocrx_word' id='word_1_40' title='bbox 2094 510 2140 557; x_wconf 91' lang='lat' dir='ltr'>id</span> <span class='ocrx_word' id='word_1_41' title='bbox 2166 511 2296 559; x_wconf 89' lang='lat' dir='ltr'>intel-</span> 
     </span>
     <span class='ocr_line' id='line_1_5' title="bbox 306 567 2300 656; baseline -0.01 -19"><span class='ocrx_word' id='word_1_42' title='bbox 306 586 568 656; x_wconf 76' lang='lat' dir='ltr'>ligendum,</span> <span class='ocrx_word' id='word_1_43' title='bbox 603 580 802 630; x_wconf 80' lang='lat' dir='ltr'>constare</span> <span class='ocrx_word' id='word_1_44' title='bbox 820 578 966 642; x_wconf 88' lang='lat' dir='ltr'>potest</span> <span class='ocrx_word' id='word_1_45' title='bbox 982 589 1089 625; x_wconf 88' lang='lat' dir='ltr'>cum</span> <span class='ocrx_word' id='word_1_46' title='bbox 1106 592 1165 624; x_wconf 83' lang='lat' dir='ltr'>ex</span> <span class='ocrx_word' id='word_1_47' title='bbox 1181 575 1306 624; x_wconf 86' lang='lat' dir='ltr'>sensu</span> <span class='ocrx_word' id='word_1_48' title='bbox 1328 577 1509 623; x_wconf 89' lang='lat' dir='ltr'>interno</span> <span class='ocrx_word' id='word_1_49' title='bbox 1533 574 1693 632; x_wconf 67' lang='lat' dir='ltr'>scitur,</span> <span class='ocrx_word' id='word_1_50' title='bbox 1715 575 1830 637; x_wconf 91' lang='lat' dir='ltr'>quid</span> <span class='ocrx_word' id='word_1_51' title='bbox 1853 567 2107 638; x_wconf 75' lang='lat' dir='ltr'>significant</span> <span class='ocrx_word' id='word_1_52' title='bbox 2129 578 2300 640; x_wconf 68' lang='lat' dir='ltr'>viginti</span> 
     </span>
     <span class='ocr_line' id='line_1_6' title="bbox 302 641 2296 717; baseline -0.013 -16"><span class='ocrx_word' id='word_1_53' title='bbox 302 648 495 717; x_wconf 69' lang='lat' dir='ltr'>quatuor</span> <span class='ocrx_word' id='word_1_54' title='bbox 521 649 727 703; x_wconf 83' lang='lat' dir='ltr'>seniores,</span> <span class='ocrx_word' id='word_1_55' title='bbox 763 648 814 694; x_wconf 83' lang='lat'>&amp;</span> <span class='ocrx_word' id='word_1_56' title='bbox 835 646 947 711; x_wconf 81' lang='lat' dir='ltr'>quid</span> <span class='ocrx_word' id='word_1_57' title='bbox 967 643 1215 692; x_wconf 84' lang='lat' dir='ltr'>duodecim</span> <span class='ocrx_word' id='word_1_58' title='bbox 1242 642 1474 706; x_wconf 76' lang='lat' dir='ltr'>Apostoli,</span> <span class='ocrx_word' id='word_1_59' title='bbox 1510 654 1613 688; x_wconf 88' lang='lat' dir='ltr'>tum</span> <span class='ocrx_word' id='word_1_60' title='bbox 1631 641 1744 705; x_wconf 86' lang='lat' dir='ltr'>quid</span> <span class='ocrx_word' id='word_1_61' title='bbox 1765 641 1938 697; x_wconf 86' lang='lat' dir='ltr'>throni,</span> <span class='ocrx_word' id='word_1_62' title='bbox 1973 642 2098 705; x_wconf 85' lang='lat' dir='ltr'>quod</span> <span class='ocrx_word' id='word_1_63' title='bbox 2124 659 2296 708; x_wconf 67' lang='lat' dir='ltr'>nempe</span> 
     </span>
     <span class='ocr_line' id='line_1_7' title="bbox 302 705 2297 776; baseline -0.007 -10"><span class='ocrx_word' id='word_1_64' title='bbox 302 720 464 768; x_wconf 83' lang='lat' dir='ltr'>omnia</span> <span class='ocrx_word' id='word_1_65' title='bbox 486 733 594 765; x_wconf 89' lang='lat' dir='ltr'>vera</span> <span class='ocrx_word' id='word_1_66' title='bbox 617 716 663 761; x_wconf 90' lang='lat' dir='ltr'>in</span> <span class='ocrx_word' id='word_1_67' title='bbox 686 714 766 761; x_wconf 92' lang='lat' dir='ltr'>suo</span> <span class='ocrx_word' id='word_1_68' title='bbox 789 712 1054 776; x_wconf 68' lang='lat' dir='ltr'>compiexu,</span> <span class='ocrx_word' id='word_1_69' title='bbox 1105 709 1352 757; x_wconf 87' lang='lat' dir='ltr'>secundum</span> <span class='ocrx_word' id='word_1_70' title='bbox 1376 723 1485 772; x_wconf 87' lang='lat' dir='ltr'>quae</span> <span class='ocrx_word' id='word_1_71' title='bbox 1499 705 1726 770; x_wconf 86' lang='lat' dir='ltr'>judicium</span> <span class='ocrx_word' id='word_1_72' title='bbox 1747 724 1759 753; x_wconf 90' lang='lat'><strong>:</strong></span> <span class='ocrx_word' id='word_1_73' title='bbox 1805 707 2009 755; x_wconf 78' lang='lat' dir='ltr'>similiter</span> <span class='ocrx_word' id='word_1_74' title='bbox 2030 708 2297 772; x_wconf 78' lang='lat' dir='ltr'>intelligitur</span> 
     </span>
     <span class='ocr_line' id='line_1_8' title="bbox 302 772 2296 851; baseline -0.011 -18"><span class='ocrx_word' id='word_1_75' title='bbox 302 785 381 834; x_wconf 89' lang='lat' dir='ltr'>hic</span> <span class='ocrx_word' id='word_1_76' title='bbox 402 802 484 851; x_wconf 89' lang='lat' dir='ltr'>per</span> <span class='ocrx_word' id='word_1_77' title='bbox 492 782 696 847; x_wconf 88' lang='lat' dir='ltr'>judicare</span> <span class='ocrx_word' id='word_1_78' title='bbox 712 779 937 842; x_wconf 88' lang='lat' dir='ltr'>populum</span> <span class='ocrx_word' id='word_1_79' title='bbox 963 779 1074 825; x_wconf 88' lang='lat' dir='ltr'>ficut</span> <span class='ocrx_word' id='word_1_80' title='bbox 1096 791 1186 822; x_wconf 91' lang='lat' dir='ltr'>una</span> <span class='ocrx_word' id='word_1_81' title='bbox 1210 775 1414 822; x_wconf 82' lang='lat' dir='ltr'>tribuum</span> <span class='ocrx_word' id='word_1_82' title='bbox 1437 772 1622 830; x_wconf 86' lang='lat' dir='ltr'>Israelis,</span> <span class='ocrx_word' id='word_1_83' title='bbox 1655 788 1746 820; x_wconf 89' lang='lat' dir='ltr'>non</span> <span class='ocrx_word' id='word_1_84' title='bbox 1770 773 1900 837; x_wconf 91' lang='lat' dir='ltr'>quod</span> <span class='ocrx_word' id='word_1_85' title='bbox 1924 773 2004 830; x_wconf 85' lang='lat' dir='ltr'>illi,</span> <span class='ocrx_word' id='word_1_86' title='bbox 2051 788 2134 822; x_wconf 90' lang='lat' dir='ltr'>aut</span> <span class='ocrx_word' id='word_1_87' title='bbox 2150 777 2296 841; x_wconf 71' lang='lat' dir='ltr'>aliqui</span> 
     </span>
     <span class='ocr_line' id='line_1_9' title="bbox 304 838 2295 908; baseline -0.005 -9"><span class='ocrx_word' id='word_1_88' title='bbox 304 851 502 902; x_wconf 86' lang='lat' dir='ltr'>seniores</span> <span class='ocrx_word' id='word_1_89' title='bbox 518 850 698 896; x_wconf 90' lang='lat' dir='ltr'>illorum</span> <span class='ocrx_word' id='word_1_90' title='bbox 711 843 953 908; x_wconf 80' lang='lat' dir='ltr'>judicaturi</span> <span class='ocrx_word' id='word_1_91' title='bbox 972 844 1077 899; x_wconf 86' lang='lat' dir='ltr'>fint,</span> <span class='ocrx_word' id='word_1_92' title='bbox 1115 841 1191 888; x_wconf 88' lang='lat' dir='ltr'>sed</span> <span class='ocrx_word' id='word_1_93' title='bbox 1206 840 1335 905; x_wconf 88' lang='lat' dir='ltr'>quod</span> <span class='ocrx_word' id='word_1_94' title='bbox 1351 840 1446 903; x_wconf 86' lang='lat' dir='ltr'>ipsa</span> <span class='ocrx_word' id='word_1_95' title='bbox 1461 854 1586 895; x_wconf 83' lang='lat' dir='ltr'>vera,</span> <span class='ocrx_word' id='word_1_96' title='bbox 1620 854 1730 902; x_wconf 84' lang='lat' dir='ltr'>quae</span> <span class='ocrx_word' id='word_1_97' title='bbox 1750 853 1832 902; x_wconf 90' lang='lat' dir='ltr'>per</span> <span class='ocrx_word' id='word_1_98' title='bbox 1849 838 1948 886; x_wconf 88' lang='lat' dir='ltr'>illos</span> <span class='ocrx_word' id='word_1_99' title='bbox 1966 840 2295 902; x_wconf 67' lang='lat' dir='ltr'>significantur,</span> 
     </span>
     <span class='ocr_line' id='line_1_10' title="bbox 305 904 2295 982; baseline -0.008 -17"><span class='ocrx_word' id='word_1_100' title='bbox 305 919 500 982; x_wconf 88' lang='lat' dir='ltr'>proinde</span> <span class='ocrx_word' id='word_1_101' title='bbox 525 914 759 964; x_wconf 86' lang='lat' dir='ltr'>Dominus</span> <span class='ocrx_word' id='word_1_102' title='bbox 784 909 917 966; x_wconf 89' lang='lat' dir='ltr'>solus,</span> <span class='ocrx_word' id='word_1_103' title='bbox 950 925 1060 956; x_wconf 83' lang='lat' dir='ltr'>nam</span> <span class='ocrx_word' id='word_1_104' title='bbox 1075 907 1136 954; x_wconf 86' lang='lat' dir='ltr'>ab</span> <span class='ocrx_word' id='word_1_105' title='bbox 1154 907 1256 971; x_wconf 90' lang='lat' dir='ltr'>Ipso</span> <span class='ocrx_word' id='word_1_106' title='bbox 1271 921 1414 954; x_wconf 86' lang='lat' dir='ltr'>omne</span> <span class='ocrx_word' id='word_1_107' title='bbox 1431 919 1596 952; x_wconf 87' lang='lat' dir='ltr'>verum</span> <span class='ocrx_word' id='word_1_108' title='bbox 1613 904 1832 967; x_wconf 89' lang='lat' dir='ltr'>procedit.</span> <span class='ocrx_word' id='word_1_109' title='bbox 1904 905 1979 951; x_wconf 90' lang='lat' dir='ltr'>De</span> <span class='ocrx_word' id='word_1_110' title='bbox 1997 906 2165 968; x_wconf 83' lang='lat' dir='ltr'>viginti</span> <span class='ocrx_word' id='word_1_111' title='bbox 2183 926 2295 972; x_wconf 69' lang='lat' dir='ltr'>qua-</span> 
     </span>
     <span class='ocr_line' id='line_1_11' title="bbox 304 969 2295 1046; baseline -0.017 -11"><span class='ocrx_word' id='word_1_112' title='bbox 304 1001 412 1043; x_wconf 88' lang='lat' dir='ltr'>tuor</span> <span class='ocrx_word' id='word_1_113' title='bbox 431 981 693 1046; x_wconf 84' lang='lat' dir='ltr'>senioribus,</span> <span class='ocrx_word' id='word_1_114' title='bbox 740 975 870 1041; x_wconf 92' lang='lat' dir='ltr'>quod</span> <span class='ocrx_word' id='word_1_115' title='bbox 893 974 1043 1035; x_wconf 86' lang='lat' dir='ltr'>seffuri</span> <span class='ocrx_word' id='word_1_116' title='bbox 1068 973 1197 1038; x_wconf 84' lang='lat' dir='ltr'>super</span> <span class='ocrx_word' id='word_1_117' title='bbox 1217 971 1389 1022; x_wconf 80' lang='lat' dir='ltr'>thronis</span> <span class='ocrx_word' id='word_1_118' title='bbox 1412 971 1462 1018; x_wconf 84' lang='grc' dir='ltr'>ὅτ</span> <span class='ocrx_word' id='word_1_119' title='bbox 1478 969 1746 1031; x_wconf 78' lang='lat' dir='ltr'>judicaturi,</span> <span class='ocrx_word' id='word_1_120' title='bbox 1797 971 1859 1018; x_wconf 85' lang='lat' dir='ltr'>ita</span> <span class='ocrx_word' id='word_1_121' title='bbox 1880 971 2002 1034; x_wconf 70' lang='lat' dir='ltr'>apud</span> <span class='ocrx_word' id='word_1_122' title='bbox 2029 973 2295 1035; x_wconf 84' lang='lat' dir='ltr'>Johannem</span> 
     </span>
     <span class='ocr_line' id='line_1_12' title="bbox 302 1037 2294 1108; baseline -0.001 -24"><span class='ocrx_word' id='word_1_123' title='bbox 302 1044 490 1100; x_wconf 54' lang='lat' dir='ltr'>‹zeitca</span> <span class='ocrx_word' id='word_1_124' title='bbox 511 1047 762 1096; x_wconf 85' lang='lat' dir='ltr'>Thronum</span> <span class='ocrx_word' id='word_1_125' title='bbox 785 1050 911 1091; x_wconf 85' lang='lat' dir='ltr'>erant</span> <span class='ocrx_word' id='word_1_126' title='bbox 931 1041 1076 1089; x_wconf 74' lang='lat' dir='ltr'>throni</span> <span class='ocrx_word' id='word_1_127' title='bbox 1094 1041 1257 1108; x_wconf 79' lang='lat' dir='ltr'>viginti</span> <span class='ocrx_word' id='word_1_128' title='bbox 1279 1038 1336 1087; x_wconf 67' lang='grc' dir='ltr'>ξδ’</span> <span class='ocrx_word' id='word_1_129' title='bbox 1359 1047 1557 1100; x_wconf 74' lang='lat' dir='ltr'>quatuor,</span> <span class='ocrx_word' id='word_1_130' title='bbox 1609 1038 1660 1084; x_wconf 85' lang='lat'>&amp;</span> <span class='ocrx_word' id='word_1_131' title='bbox 1671 1038 1804 1100; x_wconf 78' lang='lat' dir='ltr'>super</span> <span class='ocrx_word' id='word_1_132' title='bbox 1825 1037 1992 1085; x_wconf 84' lang='lat' dir='ltr'>thronis</span> <span class='ocrx_word' id='word_1_133' title='bbox 2013 1037 2106 1095; x_wconf 73' lang='lat' dir='ltr'>vidi</span> <span class='ocrx_word' id='word_1_134' title='bbox 2127 1041 2294 1103; x_wconf 82' lang='lat' dir='ltr'>viginti</span> 
     </span>
     <span class='ocr_line' id='line_1_13' title="bbox 302 1102 2388 1183; baseline -0.012 -14"><span class='ocrx_word' id='word_1_135' title='bbox 302 1108 364 1180; x_wconf 90' lang='grc' dir='ltr'>ξδ’</span> <span class='ocrx_word' id='word_1_136' title='bbox 380 1122 564 1183; x_wconf 75' lang='lat' dir='ltr'>quatuor</span> <span class='ocrx_word' id='word_1_137' title='bbox 576 1114 762 1176; x_wconf 82' lang='lat' dir='ltr'>seniores</span> <span class='ocrx_word' id='word_1_138' title='bbox 772 1108 978 1172; x_wconf 63' lang='lat' dir='ltr'>sedentes,</span> <span class='ocrx_word' id='word_1_139' title='bbox 1027 1105 1214 1153; x_wconf 81' lang='lat' dir='ltr'>indutos</span> <span class='ocrx_word' id='word_1_140' title='bbox 1235 1102 1520 1152; x_wconf 86' lang='lat' dir='ltr'>vestimentis</span> <span class='ocrx_word' id='word_1_141' title='bbox 1541 1102 1680 1159; x_wconf 78' lang='lat' dir='ltr'>albis3</span> <span class='ocrx_word' id='word_1_142' title='bbox 1715 1104 1795 1167; x_wconf 86' lang='lat' dir='ltr'>qui</span> <span class='ocrx_word' id='word_1_143' title='bbox 1819 1103 2048 1155; x_wconf 84' lang='lat' dir='ltr'>habebant</span> <span class='ocrx_word' id='word_1_144' title='bbox 2070 1108 2201 1169; x_wconf 71' lang='lat' dir='ltr'>super</span> <span class='ocrx_word' id='word_1_145' title='bbox 2222 1122 2296 1154; x_wconf 81' lang='lat' dir='ltr'>ca-</span> <span class='ocrx_word' id='word_1_146' title='bbox 2385 1132 2388 1135; x_wconf 77' lang='lat'>,</span> 
     </span>
     <span class='ocr_line' id='line_1_14' title="bbox 300 1169 2292 1252; baseline -0.018 -17"><span class='ocrx_word' id='word_1_147' title='bbox 300 1187 475 1252; x_wconf 76' lang='lat' dir='ltr'>picibus</span> <span class='ocrx_word' id='word_1_148' title='bbox 491 1182 578 1230; x_wconf 89' lang='lat' dir='ltr'>suis</span> <span class='ocrx_word' id='word_1_149' title='bbox 595 1192 779 1226; x_wconf 89' lang='lat' dir='ltr'>coronas</span> <span class='ocrx_word' id='word_1_150' title='bbox 793 1189 945 1223; x_wconf 87' lang='lat' dir='ltr'>aureas</span> <span class='ocrx_word' id='word_1_151' title='bbox 962 1171 1196 1236; x_wconf 86' lang='lat' dir='ltr'>Apocal.&#39;’</span> <span class='ocrx_word' id='word_1_152' title='bbox 1275 1185 1354 1217; x_wconf 77' lang='lat' dir='ltr'>iv:</span> <span class='ocrx_word' id='word_1_153' title='bbox 1378 1186 1426 1229; x_wconf 88' lang='lat'>4.</span> <span class='ocrx_word' id='word_1_154' title='bbox 1479 1169 1601 1232; x_wconf 89' lang='lat' dir='ltr'>Cap:</span> <span class='ocrx_word' id='word_1_155' title='bbox 1625 1184 1707 1216; x_wconf 67' lang='grc' dir='ltr'>χιε</span> <span class='ocrx_word' id='word_1_156' title='bbox 1738 1169 1799 1218; x_wconf 81' lang='lat'>16</span> <span class='ocrx_word' id='word_1_157' title='bbox 1813 1190 1828 1224; x_wconf 87' lang='lat'>;</span> <span class='ocrx_word' id='word_1_158' title='bbox 1863 1170 1914 1217; x_wconf 69' lang='grc' dir='ltr'>δι</span> <span class='ocrx_word' id='word_1_159' title='bbox 1931 1170 2053 1234; x_wconf 74' lang='lat' dir='ltr'>apud</span> <span class='ocrx_word' id='word_1_160' title='bbox 2071 1171 2292 1221; x_wconf 67' lang='lat' dir='ltr'>Eundem</span> 
     </span>
    </p>

    <p class='ocr_par' dir='ltr' id='par_1_3' title="bbox 288 1234 2294 2299">
     <span class='ocr_line' id='line_1_15' title="bbox 301 1234 2293 1305; baseline -0.018 -3"><span class='ocrx_word' id='word_1_161' title='bbox 301 1263 338 1285; x_wconf 84' lang='grc'><strong>“</strong></span> <span class='ocrx_word' id='word_1_162' title='bbox 365 1251 463 1301; x_wconf 83' lang='lat' dir='ltr'>Vidi</span> <span class='ocrx_word' id='word_1_163' title='bbox 484 1249 670 1302; x_wconf 87' lang='lat' dir='ltr'>thronos,</span> <span class='ocrx_word' id='word_1_164' title='bbox 705 1244 756 1291; x_wconf 85' lang='lat'>&amp;</span> <span class='ocrx_word' id='word_1_165' title='bbox 773 1240 1054 1305; x_wconf 81' lang='lat' dir='ltr'>consederunt,</span> <span class='ocrx_word' id='word_1_166' title='bbox 1088 1239 1139 1286; x_wconf 88' lang='lat'>&amp;</span> <span class='ocrx_word' id='word_1_167' title='bbox 1149 1236 1358 1302; x_wconf 65' lang='lat' dir='ltr'>judiciam</span> <span class='ocrx_word' id='word_1_168' title='bbox 1380 1236 1529 1284; x_wconf 80' lang='lat' dir='ltr'>datum</span> <span class='ocrx_word' id='word_1_169' title='bbox 1552 1236 1606 1296; x_wconf 88' lang='lat' dir='ltr'>est</span> <span class='ocrx_word' id='word_1_170' title='bbox 1620 1235 1702 1285; x_wconf 80' lang='lat' dir='ltr'>illis</span> <span class='ocrx_word' id='word_1_171' title='bbox 1717 1234 1754 1254; x_wconf 80' lang='lat'>’⁹</span> <span class='ocrx_word' id='word_1_172' title='bbox 1791 1237 1955 1299; x_wconf 79' lang='lat' dir='ltr'>Apoc;</span> <span class='ocrx_word' id='word_1_173' title='bbox 1979 1253 2070 1285; x_wconf 64' lang='lat' dir='ltr'>xx:</span> <span class='ocrx_word' id='word_1_174' title='bbox 2094 1255 2143 1298; x_wconf 53' lang='lat'>4,</span> <span class='ocrx_word' id='word_1_175' title='bbox 2221 1240 2293 1293; x_wconf 57' lang='lat' dir='ltr'>De</span> 
     </span>
     <span class='ocr_line' id='line_1_16' title="bbox 299 1301 2292 1376; baseline -0.02 -8"><span class='ocrx_word' id='word_1_176' title='bbox 299 1316 547 1374; x_wconf 88' lang='lat' dir='ltr'>duodecim</span> <span class='ocrx_word' id='word_1_177' title='bbox 574 1308 811 1376; x_wconf 80' lang='lat' dir='ltr'>Apostolis</span> <span class='ocrx_word' id='word_1_178' title='bbox 824 1306 950 1372; x_wconf 84' lang='lat' dir='ltr'>apud</span> <span class='ocrx_word' id='word_1_179' title='bbox 968 1305 1250 1352; x_wconf 82' lang='lat' dir='ltr'>Matthaeum</span> <span class='ocrx_word' id='word_1_180' title='bbox 1286 1310 1322 1333; x_wconf 89' lang='lat'><strong>“</strong></span> <span class='ocrx_word' id='word_1_181' title='bbox 1343 1301 1474 1364; x_wconf 81' lang='lat' dir='ltr'>Jesus</span> <span class='ocrx_word' id='word_1_182' title='bbox 1494 1301 1631 1358; x_wconf 89' lang='lat' dir='ltr'>dixit,</span> <span class='ocrx_word' id='word_1_183' title='bbox 1667 1316 1750 1350; x_wconf 85' lang='lat' dir='ltr'>vos</span> <span class='ocrx_word' id='word_1_184' title='bbox 1771 1302 1854 1365; x_wconf 83' lang='lat' dir='ltr'>qui</span> <span class='ocrx_word' id='word_1_185' title='bbox 1877 1301 2055 1364; x_wconf 86' lang='lat' dir='ltr'>sequuti</span> <span class='ocrx_word' id='word_1_186' title='bbox 2077 1305 2182 1350; x_wconf 69' lang='lat' dir='ltr'>estis</span> <span class='ocrx_word' id='word_1_187' title='bbox 2203 1305 2292 1353; x_wconf 73' lang='lat' dir='ltr'>Me</span> 
     </span>
     <span class='ocr_line' id='line_1_17' title="bbox 301 1367 2294 1446; baseline -0.012 -13"><span class='ocrx_word' id='word_1_188' title='bbox 301 1386 347 1434; x_wconf 90' lang='lat' dir='ltr'>in</span> <span class='ocrx_word' id='word_1_189' title='bbox 365 1380 747 1446; x_wconf 86' lang='lat' dir='ltr'>Regeneratione,</span> <span class='ocrx_word' id='word_1_190' title='bbox 782 1373 971 1438; x_wconf 84' lang='lat' dir='ltr'>quando</span> <span class='ocrx_word' id='word_1_191' title='bbox 994 1370 1166 1418; x_wconf 84' lang='lat' dir='ltr'>sedebit</span> <span class='ocrx_word' id='word_1_192' title='bbox 1184 1368 1330 1416; x_wconf 88' lang='lat' dir='ltr'>Filius</span> <span class='ocrx_word' id='word_1_193' title='bbox 1347 1367 1548 1419; x_wconf 81' lang='lat' dir='ltr'>hom-inis</span> <span class='ocrx_word' id='word_1_194' title='bbox 1566 1367 1696 1430; x_wconf 89' lang='lat' dir='ltr'>super</span> <span class='ocrx_word' id='word_1_195' title='bbox 1713 1367 1881 1415; x_wconf 86' lang='lat' dir='ltr'>throno</span> <span class='ocrx_word' id='word_1_196' title='bbox 1897 1369 2062 1430; x_wconf 83' lang='lat' dir='ltr'>gloriae</span> <span class='ocrx_word' id='word_1_197' title='bbox 2086 1369 2197 1429; x_wconf 76' lang='lat' dir='ltr'>suae,</span> <span class='ocrx_word' id='word_1_198' title='bbox 2220 1372 2294 1433; x_wconf 71' lang='lat' dir='ltr'>se.</span> 
     </span>
     <span class='ocr_line' id='line_1_18' title="bbox 296 1433 2294 1509; baseline -0.009 -8"><span class='ocrx_word' id='word_1_199' title='bbox 296 1452 446 1509; x_wconf 66' lang='lat' dir='ltr'>debiti-‘5</span> <span class='ocrx_word' id='word_1_200' title='bbox 464 1449 592 1498; x_wconf 84' lang='lat' dir='ltr'>etiam</span> <span class='ocrx_word' id='word_1_201' title='bbox 609 1460 686 1493; x_wconf 88' lang='lat' dir='ltr'>vos</span> <span class='ocrx_word' id='word_1_202' title='bbox 704 1441 826 1504; x_wconf 68' lang='lat' dir='ltr'>litper</span> <span class='ocrx_word' id='word_1_203' title='bbox 845 1437 1061 1497; x_wconf 30' lang='lat' dir='ltr'>duodecim,</span> <span class='ocrx_word' id='word_1_204' title='bbox 1073 1436 1234 1484; x_wconf 80' lang='lat' dir='ltr'>thronis</span> <span class='ocrx_word' id='word_1_205' title='bbox 1243 1433 1492 1498; x_wconf 84' lang='lat' dir='ltr'>judicantes</span> <span class='ocrx_word' id='word_1_206' title='bbox 1504 1433 1718 1481; x_wconf 84' lang='lat' dir='ltr'>duodecim</span> <span class='ocrx_word' id='word_1_207' title='bbox 1733 1433 1888 1481; x_wconf 76' lang='lat' dir='ltr'>Tribus</span> <span class='ocrx_word' id='word_1_208' title='bbox 1907 1434 2078 1493; x_wconf 71' lang='lat' dir='ltr'>Israelis</span> <span class='ocrx_word' id='word_1_209' title='bbox 2096 1435 2128 1458; x_wconf 81' lang='lat'>’³</span> <span class='ocrx_word' id='word_1_210' title='bbox 2160 1452 2191 1483; x_wconf 86' lang='lat' dir='ltr'>x</span> <span class='ocrx_word' id='word_1_211' title='bbox 2203 1454 2215 1483; x_wconf 88' lang='lat'>1</span> <span class='ocrx_word' id='word_1_212' title='bbox 2226 1452 2257 1484; x_wconf 88' lang='lat' dir='ltr'>x</span> <span class='ocrx_word' id='word_1_213' title='bbox 2275 1455 2294 1490; x_wconf 70' lang='grc' dir='ltr'>ε,</span> 
     </span>
     <span class='ocr_line' id='line_1_19' title="bbox 301 1499 2290 1578; baseline -0.002 -11"><span class='ocrx_word' id='word_1_214' title='bbox 301 1522 362 1566; x_wconf 89' lang='lat'>28</span> <span class='ocrx_word' id='word_1_215' title='bbox 385 1535 396 1564; x_wconf 91' lang='lat'>:</span> <span class='ocrx_word' id='word_1_216' title='bbox 433 1518 484 1564; x_wconf 86' lang='grc' dir='ltr'>ὅτ</span> <span class='ocrx_word' id='word_1_217' title='bbox 507 1511 630 1578; x_wconf 89' lang='lat' dir='ltr'>apud</span> <span class='ocrx_word' id='word_1_218' title='bbox 654 1510 833 1558; x_wconf 82' lang='lat' dir='ltr'>Lucam</span> <span class='ocrx_word' id='word_1_219' title='bbox 885 1513 921 1535; x_wconf 87' lang='lat'><strong>“</strong></span> <span class='ocrx_word' id='word_1_220' title='bbox 945 1504 1057 1565; x_wconf 86' lang='lat' dir='ltr'>Ego</span> <span class='ocrx_word' id='word_1_221' title='bbox 1078 1502 1277 1565; x_wconf 89' lang='lat' dir='ltr'>dispono</span> <span class='ocrx_word' id='word_1_222' title='bbox 1297 1501 1448 1557; x_wconf 75' lang='lat' dir='ltr'>vobiS,</span> <span class='ocrx_word' id='word_1_223' title='bbox 1503 1500 1611 1548; x_wconf 83' lang='lat' dir='ltr'>sicut</span> <span class='ocrx_word' id='word_1_224' title='bbox 1632 1499 1857 1563; x_wconf 84' lang='lat' dir='ltr'>disposuit</span> <span class='ocrx_word' id='word_1_225' title='bbox 1881 1500 2013 1550; x_wconf 82' lang='lat' dir='ltr'>Pater</span> <span class='ocrx_word' id='word_1_226' title='bbox 2038 1501 2163 1553; x_wconf 83' lang='lat' dir='ltr'>Mihi</span> <span class='ocrx_word' id='word_1_227' title='bbox 2190 1518 2290 1564; x_wconf 76' lang='lat' dir='ltr'>reg·</span> 
     </span>
     <span class='ocr_line' id='line_1_20' title="bbox 297 1565 2290 1639; baseline -0.011 -6"><span class='ocrx_word' id='word_1_228' title='bbox 297 1575 433 1639; x_wconf 83' lang='lat' dir='ltr'>num,</span> <span class='ocrx_word' id='word_1_229' title='bbox 449 1592 452 1593; x_wconf 71' lang='grc'>’</span> <span class='ocrx_word' id='word_1_230' title='bbox 468 1592 519 1629; x_wconf 88' lang='lat' dir='ltr'>ut</span> <span class='ocrx_word' id='word_1_231' title='bbox 537 1571 852 1628; x_wconf 80' lang='lat' dir='ltr'>comedatis&amp;</span> <span class='ocrx_word' id='word_1_232' title='bbox 875 1570 1039 1618; x_wconf 75' lang='lat' dir='ltr'>bibatis</span> <span class='ocrx_word' id='word_1_233' title='bbox 1059 1568 1191 1631; x_wconf 87' lang='lat' dir='ltr'>super</span> <span class='ocrx_word' id='word_1_234' title='bbox 1212 1565 1368 1614; x_wconf 85' lang='lat' dir='ltr'>mensa</span> <span class='ocrx_word' id='word_1_235' title='bbox 1392 1581 1496 1613; x_wconf 88' lang='lat' dir='ltr'>mea</span> <span class='ocrx_word' id='word_1_236' title='bbox 1519 1566 1564 1612; x_wconf 93' lang='lat' dir='ltr'>in</span> <span class='ocrx_word' id='word_1_237' title='bbox 1581 1565 1750 1628; x_wconf 87' lang='lat' dir='ltr'>Regno</span> <span class='ocrx_word' id='word_1_238' title='bbox 1772 1581 1880 1612; x_wconf 87' lang='lat' dir='ltr'>meo</span> <span class='ocrx_word' id='word_1_239' title='bbox 1897 1587 1913 1620; x_wconf 77' lang='lat'>3</span> <span class='ocrx_word' id='word_1_240' title='bbox 1947 1566 2197 1628; x_wconf 84' lang='lat' dir='ltr'>&amp;sedeatis</span> <span class='ocrx_word' id='word_1_241' title='bbox 2209 1575 2290 1631; x_wconf 83' lang='lat' dir='ltr'>Ju-</span> 
     </span>
     <span class='ocr_line' id='line_1_21' title="bbox 288 1630 2288 1714; baseline -0.009 -15"><span class='ocrx_word' id='word_1_242' title='bbox 288 1664 372 1714; x_wconf 84' lang='lat' dir='ltr'>per</span> <span class='ocrx_word' id='word_1_243' title='bbox 393 1647 557 1697; x_wconf 84' lang='lat' dir='ltr'>thronis</span> <span class='ocrx_word' id='word_1_244' title='bbox 567 1641 813 1709; x_wconf 84' lang='lat' dir='ltr'>judicantes</span> <span class='ocrx_word' id='word_1_245' title='bbox 834 1635 1045 1686; x_wconf 85' lang='lat' dir='ltr'>duodecim</span> <span class='ocrx_word' id='word_1_246' title='bbox 1067 1632 1221 1680; x_wconf 80' lang='lat' dir='ltr'>Tribus</span> <span class='ocrx_word' id='word_1_247' title='bbox 1244 1631 1418 1695; x_wconf 65' lang='lat' dir='ltr'>Israelis</span> <span class='ocrx_word' id='word_1_248' title='bbox 1433 1630 1467 1652; x_wconf 78' lang='lat'>&#39;⁹</span> <span class='ocrx_word' id='word_1_249' title='bbox 1518 1646 1610 1679; x_wconf 72' lang='lat' dir='ltr'>xm</span> <span class='ocrx_word' id='word_1_250' title='bbox 1624 1646 1666 1677; x_wconf 91' lang='lat'>1:</span> <span class='ocrx_word' id='word_1_251' title='bbox 1694 1646 1758 1694; x_wconf 87' lang='lat'>30</span> <span class='ocrx_word' id='word_1_252' title='bbox 1778 1648 1790 1678; x_wconf 91' lang='lat'><strong>:</strong></span> <span class='ocrx_word' id='word_1_253' title='bbox 1841 1632 1966 1694; x_wconf 84' lang='lat' dir='ltr'>quod</span> <span class='ocrx_word' id='word_1_254' title='bbox 1988 1633 2073 1680; x_wconf 87' lang='lat' dir='ltr'>hoc</span> <span class='ocrx_word' id='word_1_255' title='bbox 2097 1650 2191 1682; x_wconf 90' lang='lat' dir='ltr'>non</span> <span class='ocrx_word' id='word_1_256' title='bbox 2215 1636 2288 1683; x_wconf 89' lang='lat' dir='ltr'>vi-</span> 
     </span>
     <span class='ocr_line' id='line_1_22' title="bbox 293 1696 2285 1782; baseline -0.017 -16"><span class='ocrx_word' id='word_1_257' title='bbox 293 1716 413 1782; x_wconf 83' lang='lat' dir='ltr'>ginti</span> <span class='ocrx_word' id='word_1_258' title='bbox 430 1724 626 1780; x_wconf 86' lang='lat' dir='ltr'>quatuor</span> <span class='ocrx_word' id='word_1_259' title='bbox 644 1706 853 1762; x_wconf 88' lang='lat' dir='ltr'>seniores,</span> <span class='ocrx_word' id='word_1_260' title='bbox 890 1710 971 1750; x_wconf 74' lang='lat' dir='ltr'>n&#39;ec</span> <span class='ocrx_word' id='word_1_261' title='bbox 994 1700 1244 1747; x_wconf 85' lang='lat' dir='ltr'>duodecim</span> <span class='ocrx_word' id='word_1_262' title='bbox 1269 1697 1489 1762; x_wconf 88' lang='lat' dir='ltr'>Apostoli</span> <span class='ocrx_word' id='word_1_263' title='bbox 1514 1697 1842 1758; x_wconf 79' lang='lat' dir='ltr'>intelligantur,</span> <span class='ocrx_word' id='word_1_264' title='bbox 1890 1696 1965 1744; x_wconf 85' lang='lat' dir='ltr'>sed</span> <span class='ocrx_word' id='word_1_265' title='bbox 1989 1700 2148 1748; x_wconf 73' lang='lat' dir='ltr'>omnia</span> <span class='ocrx_word' id='word_1_266' title='bbox 2181 1717 2285 1750; x_wconf 55' lang='lat' dir='ltr'>vera</span> 
     </span>
     <span class='ocr_line' id='line_1_23' title="bbox 294 1763 2279 1833; baseline -0.017 0"><span class='ocrx_word' id='word_1_267' title='bbox 294 1786 346 1833; x_wconf 90' lang='grc' dir='ltr'>ὅτ</span> <span class='ocrx_word' id='word_1_268' title='bbox 364 1783 485 1830; x_wconf 86' lang='lat' dir='ltr'>bona</span> <span class='ocrx_word' id='word_1_269' title='bbox 509 1779 555 1825; x_wconf 87' lang='lat' dir='ltr'>in</span> <span class='ocrx_word' id='word_1_270' title='bbox 578 1770 839 1828; x_wconf 84' lang='lat' dir='ltr'>communi,</span> <span class='ocrx_word' id='word_1_271' title='bbox 876 1767 1075 1823; x_wconf 77' lang='lat' dir='ltr'>constare</span> <span class='ocrx_word' id='word_1_272' title='bbox 1099 1763 1249 1828; x_wconf 77' lang='lat' dir='ltr'>potest</span> <span class='ocrx_word' id='word_1_273' title='bbox 1269 1779 1327 1811; x_wconf 88' lang='lat' dir='ltr'>ex</span> <span class='ocrx_word' id='word_1_274' title='bbox 1349 1779 1422 1819; x_wconf 93' lang='lat' dir='ltr'>e0,</span> <span class='ocrx_word' id='word_1_275' title='bbox 1474 1763 1603 1827; x_wconf 87' lang='lat' dir='ltr'>quod</span> <span class='ocrx_word' id='word_1_276' title='bbox 1628 1763 1780 1811; x_wconf 87' lang='lat' dir='ltr'>nullus</span> <span class='ocrx_word' id='word_1_277' title='bbox 1801 1763 1965 1821; x_wconf 89' lang='lat' dir='ltr'>homo,</span> <span class='ocrx_word' id='word_1_278' title='bbox 2004 1780 2062 1812; x_wconf 88' lang='lat' dir='ltr'>ne</span> <span class='ocrx_word' id='word_1_279' title='bbox 2085 1766 2279 1829; x_wconf 68' lang='lat' dir='ltr'>quidem</span> 
     </span>
     <span class='ocr_line' id='line_1_24' title="bbox 291 1829 2286 1914; baseline -0.015 -13"><span class='ocrx_word' id='word_1_280' title='bbox 291 1833 458 1914; x_wconf 66' lang='lat' dir='ltr'>aliquis</span> <span class='ocrx_word' id='word_1_281' title='bbox 475 1842 679 1907; x_wconf 87' lang='lat' dir='ltr'>angelus,</span> <span class='ocrx_word' id='word_1_282' title='bbox 715 1835 851 1902; x_wconf 82' lang='lat' dir='ltr'>possit</span> <span class='ocrx_word' id='word_1_283' title='bbox 869 1835 1072 1898; x_wconf 84' lang='lat' dir='ltr'>aliquem</span> <span class='ocrx_word' id='word_1_284' title='bbox 1087 1829 1290 1894; x_wconf 87' lang='lat' dir='ltr'>judicare</span> <span class='ocrx_word' id='word_1_285' title='bbox 1309 1849 1326 1884; x_wconf 68' lang='grc' dir='ltr'><strong>ς</strong></span> <span class='ocrx_word' id='word_1_286' title='bbox 1363 1829 1574 1876; x_wconf 81' lang='lat' dir='ltr'>interiora</span> <span class='ocrx_word' id='word_1_287' title='bbox 1591 1829 1733 1883; x_wconf 86' lang='lat' dir='ltr'>enim,</span> <span class='ocrx_word' id='word_1_288' title='bbox 1768 1829 1920 1893; x_wconf 88' lang='lat' dir='ltr'>qualia</span> <span class='ocrx_word' id='word_1_289' title='bbox 1943 1829 2063 1887; x_wconf 90' lang='lat' dir='ltr'>sunt,</span> <span class='ocrx_word' id='word_1_290' title='bbox 2099 1833 2149 1880; x_wconf 85' lang='lat'>&amp;</span> <span class='ocrx_word' id='word_1_291' title='bbox 2173 1851 2286 1898; x_wconf 72' lang='lat' dir='ltr'>qua-</span> 
     </span>
     <span class='ocr_line' id='line_1_25' title="bbox 292 1894 2284 1968; baseline -0.011 -4"><span class='ocrx_word' id='word_1_292' title='bbox 292 1917 352 1964; x_wconf 89' lang='lat' dir='ltr'>lia</span> <span class='ocrx_word' id='word_1_293' title='bbox 370 1922 519 1968; x_wconf 90' lang='lat' dir='ltr'>erunt,</span> <span class='ocrx_word' id='word_1_294' title='bbox 556 1908 606 1956; x_wconf 87' lang='lat'>&amp;</span> <span class='ocrx_word' id='word_1_295' title='bbox 626 1904 778 1958; x_wconf 82' lang='lat' dir='ltr'>hocin</span> <span class='ocrx_word' id='word_1_296' title='bbox 797 1914 1043 1956; x_wconf 85' lang='lat' dir='ltr'>aeternum,</span> <span class='ocrx_word' id='word_1_297' title='bbox 1078 1907 1218 1944; x_wconf 82' lang='lat' dir='ltr'>nemo</span> <span class='ocrx_word' id='word_1_298' title='bbox 1242 1894 1349 1944; x_wconf 87' lang='lat' dir='ltr'>scire</span> <span class='ocrx_word' id='word_1_299' title='bbox 1367 1894 1518 1959; x_wconf 89' lang='lat' dir='ltr'>potest</span> <span class='ocrx_word' id='word_1_300' title='bbox 1537 1910 1680 1959; x_wconf 82' lang='lat' dir='ltr'>quam</span> <span class='ocrx_word' id='word_1_301' title='bbox 1701 1894 1834 1942; x_wconf 87' lang='lat' dir='ltr'>Solus</span> <span class='ocrx_word' id='word_1_302' title='bbox 1852 1896 2116 1946; x_wconf 84' lang='lat' dir='ltr'>Dominus:</span> <span class='ocrx_word' id='word_1_303' title='bbox 2152 1900 2284 1962; x_wconf 88' lang='lat' dir='ltr'>quod</span> 
     </span>
     <span class='ocr_line' id='line_1_26' title="bbox 293 1960 2280 2048; baseline -0.015 -17"><span class='ocrx_word' id='word_1_304' title='bbox 293 1997 376 2048; x_wconf 89' lang='lat' dir='ltr'>per</span> <span class='ocrx_word' id='word_1_305' title='bbox 408 1975 654 2028; x_wconf 87' lang='lat' dir='ltr'>duodecim</span> <span class='ocrx_word' id='word_1_306' title='bbox 677 1967 947 2035; x_wconf 89' lang='lat' dir='ltr'>Apostolos,</span> <span class='ocrx_word' id='word_1_307' title='bbox 1002 1963 1165 2013; x_wconf 76' lang='lat' dir='ltr'>similia</span> <span class='ocrx_word' id='word_1_308' title='bbox 1195 1978 1247 2010; x_wconf 86' lang='lat' dir='ltr'>ac</span> <span class='ocrx_word' id='word_1_309' title='bbox 1275 1975 1362 2026; x_wconf 82' lang='lat' dir='ltr'>per</span> <span class='ocrx_word' id='word_1_310' title='bbox 1391 1960 1635 2011; x_wconf 87' lang='lat' dir='ltr'>duodecim</span> <span class='ocrx_word' id='word_1_311' title='bbox 1661 1961 1873 2017; x_wconf 52' lang='lat' dir='ltr'>Tribuss</span> <span class='ocrx_word' id='word_1_312' title='bbox 1895 1962 2141 2024; x_wconf 76' lang='lat' dir='ltr'>significata</span> <span class='ocrx_word' id='word_1_313' title='bbox 2173 1966 2280 2024; x_wconf 85' lang='lat' dir='ltr'>fint,</span> 
     </span>
     <span class='ocr_line' id='line_1_27' title="bbox 291 2027 2277 2111; baseline -0.018 -13"><span class='ocrx_word' id='word_1_314' title='bbox 291 2062 462 2111; x_wconf 88' lang='lat' dir='ltr'>nempe</span> <span class='ocrx_word' id='word_1_315' title='bbox 482 2041 643 2092; x_wconf 87' lang='lat' dir='ltr'>omnia</span> <span class='ocrx_word' id='word_1_316' title='bbox 664 2051 773 2085; x_wconf 90' lang='lat' dir='ltr'>vera</span> <span class='ocrx_word' id='word_1_317' title='bbox 794 2036 846 2082; x_wconf 88' lang='grc' dir='ltr'>ὅτ</span> <span class='ocrx_word' id='word_1_318' title='bbox 869 2035 987 2083; x_wconf 91' lang='lat' dir='ltr'>bona</span> <span class='ocrx_word' id='word_1_319' title='bbox 1018 2033 1067 2079; x_wconf 82' lang='lat' dir='ltr'>in</span> <span class='ocrx_word' id='word_1_320' title='bbox 1097 2029 1360 2093; x_wconf 82' lang='lat' dir='ltr'>complexu,</span> <span class='ocrx_word' id='word_1_321' title='bbox 1413 2027 1621 2076; x_wconf 76' lang='lat' dir='ltr'>videatur</span> <span class='ocrx_word' id='word_1_322' title='bbox 1657 2043 1721 2074; x_wconf 86' lang='lat' dir='ltr'>n:</span> <span class='ocrx_word' id='word_1_323' title='bbox 1758 2042 1906 2089; x_wconf 84' lang='lat'>2129.</span> <span class='ocrx_word' id='word_1_324' title='bbox 1944 2043 2088 2092; x_wconf 74' lang='lat'>2553,</span> <span class='ocrx_word' id='word_1_325' title='bbox 2130 2035 2277 2092; x_wconf 54' lang='lat'><strong>3438·</strong></span> 
     </span>
     <span class='ocr_line' id='line_1_28' title="bbox 295 2093 2281 2180; baseline -0.009 -17"><span class='ocrx_word' id='word_1_326' title='bbox 295 2116 423 2180; x_wconf 87' lang='lat'><strong>3858</strong></span> <span class='ocrx_word' id='word_1_327' title='bbox 450 2109 484 2159; x_wconf 90' lang='lat' dir='ltr'>f.</span> <span class='ocrx_word' id='word_1_328' title='bbox 554 2107 631 2156; x_wconf 86' lang='lat' dir='ltr'>Ex</span> <span class='ocrx_word' id='word_1_329' title='bbox 653 2106 721 2152; x_wconf 89' lang='lat' dir='ltr'>his</span> <span class='ocrx_word' id='word_1_330' title='bbox 747 2116 865 2150; x_wconf 90' lang='lat' dir='ltr'>nunc</span> <span class='ocrx_word' id='word_1_331' title='bbox 887 2110 1029 2165; x_wconf 88' lang='lat' dir='ltr'>patet,</span> <span class='ocrx_word' id='word_1_332' title='bbox 1062 2096 1189 2161; x_wconf 89' lang='lat' dir='ltr'>quod</span> <span class='ocrx_word' id='word_1_333' title='bbox 1213 2110 1291 2159; x_wconf 85' lang='lat' dir='ltr'>per</span> <span class='ocrx_word' id='word_1_334' title='bbox 1314 2095 1421 2142; x_wconf 89' lang='lat' dir='ltr'>Dan</span> <span class='ocrx_word' id='word_1_335' title='bbox 1434 2093 1660 2157; x_wconf 87' lang='lat' dir='ltr'>judicabit</span> <span class='ocrx_word' id='word_1_336' title='bbox 1683 2093 1912 2156; x_wconf 88' lang='lat' dir='ltr'>populum</span> <span class='ocrx_word' id='word_1_337' title='bbox 1936 2093 2204 2158; x_wconf 40' lang='lat' dir='ltr'>suum-ficut</span> <span class='ocrx_word' id='word_1_338' title='bbox 2227 2114 2281 2147; x_wconf 90' lang='lat' dir='ltr'>u-</span> 
     </span>
     <span class='ocr_line' id='line_1_29' title="bbox 291 2157 2277 2231; baseline -0.01 0"><span class='ocrx_word' id='word_1_339' title='bbox 291 2199 351 2230; x_wconf 82' lang='lat' dir='ltr'>na</span> <span class='ocrx_word' id='word_1_340' title='bbox 368 2176 569 2228; x_wconf 81' lang='lat' dir='ltr'>tribuum</span> <span class='ocrx_word' id='word_1_341' title='bbox 590 2170 780 2231; x_wconf 78' lang='lat' dir='ltr'>IsraeliS,</span> <span class='ocrx_word' id='word_1_342' title='bbox 817 2166 1098 2230; x_wconf 76' lang='lat' dir='ltr'>significetur</span> <span class='ocrx_word' id='word_1_343' title='bbox 1115 2161 1244 2227; x_wconf 86' lang='lat' dir='ltr'>quod</span> <span class='ocrx_word' id='word_1_344' title='bbox 1262 2176 1444 2217; x_wconf 88' lang='lat' dir='ltr'>verum,</span> <span class='ocrx_word' id='word_1_345' title='bbox 1480 2159 1606 2224; x_wconf 92' lang='lat' dir='ltr'>quod</span> <span class='ocrx_word' id='word_1_346' title='bbox 1621 2157 1964 2223; x_wconf 77' lang='lat' dir='ltr'>repraesentatur</span> <span class='ocrx_word' id='word_1_347' title='bbox 1979 2175 2061 2223; x_wconf 87' lang='lat' dir='ltr'>per</span> <span class='ocrx_word' id='word_1_348' title='bbox 2079 2162 2277 2222; x_wconf 89' lang='lat' dir='ltr'>Danem,</span> 
     </span>
     <span class='ocr_line' id='line_1_30' title="bbox 291 2226 2123 2299; baseline -0.023 -2"><span class='ocrx_word' id='word_1_349' title='bbox 291 2248 347 2299; x_wconf 87' lang='lat' dir='ltr'>fit</span> <span class='ocrx_word' id='word_1_350' title='bbox 369 2260 514 2296; x_wconf 87' lang='lat' dir='ltr'>unum</span> <span class='ocrx_word' id='word_1_351' title='bbox 537 2243 655 2289; x_wconf 88' lang='lat' dir='ltr'>inter</span> <span class='ocrx_word' id='word_1_352' title='bbox 675 2252 781 2284; x_wconf 83' lang='lat' dir='ltr'>vera</span> <span class='ocrx_word' id='word_1_353' title='bbox 803 2230 1087 2287; x_wconf 84' lang='lat' dir='ltr'>communia,</span> <span class='ocrx_word' id='word_1_354' title='bbox 1130 2244 1212 2293; x_wconf 88' lang='lat' dir='ltr'>per</span> <span class='ocrx_word' id='word_1_355' title='bbox 1233 2243 1341 2291; x_wconf 84' lang='lat' dir='ltr'>quae</span> <span class='ocrx_word' id='word_1_356' title='bbox 1358 2226 1604 2290; x_wconf 84' lang='lat' dir='ltr'>judici-um.</span> <span class='ocrx_word' id='word_1_357' title='bbox 1747 2232 1750 2235; x_wconf 58' lang='lat'><strong>⁴</strong></span> <span class='ocrx_word' id='word_1_358' title='bbox 2114 2259 2123 2279; x_wconf 18' lang='grc' dir='ltr'>Ὗ,</span> 
     </span>
    </p>

    <p class='ocr_par' dir='ltr' id='par_1_4' title="bbox 286 2291 2272 2888">
     <span class='ocr_line' id='line_1_31' title="bbox 360 2291 2270 2374; baseline -0.016 -14"><span class='ocrx_word' id='word_1_359' title='bbox 360 2313 506 2374; x_wconf 85' lang='lat'><strong>6398.</strong></span> <span class='ocrx_word' id='word_1_360' title='bbox 543 2306 612 2355; x_wconf 88' lang='lat' dir='ltr'>Et</span> <span class='ocrx_word' id='word_1_361' title='bbox 629 2305 735 2352; x_wconf 88' lang='lat' dir='ltr'>Dan</span> <span class='ocrx_word' id='word_1_362' title='bbox 755 2302 933 2366; x_wconf 86' lang='lat' dir='ltr'>serpens</span> <span class='ocrx_word' id='word_1_363' title='bbox 949 2297 1084 2363; x_wconf 83' lang='lat' dir='ltr'>super</span> <span class='ocrx_word' id='word_1_364' title='bbox 1099 2296 1196 2352; x_wconf 87' lang='lat' dir='ltr'>via,</span> <span class='ocrx_word' id='word_1_365' title='bbox 1233 2294 1363 2359; x_wconf 83' lang='lat' dir='ltr'>quod</span> <span class='ocrx_word' id='word_1_366' title='bbox 1379 2292 1605 2355; x_wconf 83' lang='lat' dir='ltr'>fignificet</span> <span class='ocrx_word' id='word_1_367' title='bbox 1624 2291 2015 2342; x_wconf 82' lang='lat' dir='ltr'>ratiocinationem</span> <span class='ocrx_word' id='word_1_368' title='bbox 2032 2310 2191 2343; x_wconf 76' lang='lat' dir='ltr'>eorum</span> <span class='ocrx_word' id='word_1_369' title='bbox 2208 2296 2270 2344; x_wconf 69' lang='lat' dir='ltr'>de</span> 
     </span>
     <span class='ocr_line' id='line_1_32' title="bbox 286 2357 2272 2440; baseline -0.035 -13"><span class='ocrx_word' id='word_1_370' title='bbox 286 2393 401 2426; x_wconf 85' lang='lat' dir='ltr'>vero</span> <span class='ocrx_word' id='word_1_371' title='bbox 423 2375 533 2440; x_wconf 85' lang='lat' dir='ltr'>quia</span> <span class='ocrx_word' id='word_1_372' title='bbox 555 2388 647 2427; x_wconf 88' lang='lat' dir='ltr'>non</span> <span class='ocrx_word' id='word_1_373' title='bbox 670 2370 816 2417; x_wconf 90' lang='lat' dir='ltr'>adhuc</span> <span class='ocrx_word' id='word_1_374' title='bbox 838 2367 1015 2422; x_wconf 79' lang='lat' dir='ltr'>bonum</span> <span class='ocrx_word' id='word_1_375' title='bbox 1037 2361 1180 2418; x_wconf 88' lang='lat' dir='ltr'>ducit,</span> <span class='ocrx_word' id='word_1_376' title='bbox 1230 2359 1403 2407; x_wconf 86' lang='lat' dir='ltr'>constat</span> <span class='ocrx_word' id='word_1_377' title='bbox 1423 2374 1482 2406; x_wconf 85' lang='lat' dir='ltr'>ex</span> <span class='ocrx_word' id='word_1_378' title='bbox 1504 2357 1898 2422; x_wconf 73' lang='lat' dir='ltr'>repraesentatione</span> <span class='ocrx_word' id='word_1_379' title='bbox 1921 2358 2102 2416; x_wconf 44' lang='lat' dir='ltr'>Danig.</span> <span class='ocrx_word' id='word_1_380' title='bbox 2140 2363 2272 2425; x_wconf 68' lang='lat' dir='ltr'>quod</span> 
     </span>
     <span class='ocr_line' id='line_1_33' title="bbox 289 2425 2268 2508; baseline -0.012 -15"><span class='ocrx_word' id='word_1_381' title='bbox 289 2446 376 2494; x_wconf 79' lang='lat' dir='ltr'>sint</span> <span class='ocrx_word' id='word_1_382' title='bbox 395 2443 476 2508; x_wconf 90' lang='lat' dir='ltr'>qui</span> <span class='ocrx_word' id='word_1_383' title='bbox 492 2441 537 2487; x_wconf 92' lang='lat' dir='ltr'>in</span> <span class='ocrx_word' id='word_1_384' title='bbox 554 2439 682 2486; x_wconf 85' lang='lat' dir='ltr'>Vero</span> <span class='ocrx_word' id='word_1_385' title='bbox 695 2437 746 2484; x_wconf 88' lang='grc' dir='ltr'>ὅτ</span> <span class='ocrx_word' id='word_1_386' title='bbox 769 2433 977 2482; x_wconf 90' lang='lat' dir='ltr'>nondum</span> <span class='ocrx_word' id='word_1_387' title='bbox 992 2431 1043 2477; x_wconf 63' lang='lat' dir='ltr'>‘in&#39;</span> <span class='ocrx_word' id='word_1_388' title='bbox 1061 2428 1203 2483; x_wconf 89' lang='lat' dir='ltr'>bono,</span> <span class='ocrx_word' id='word_1_389' title='bbox 1236 2426 1296 2473; x_wconf 87' lang='lat' dir='ltr'>de</span> <span class='ocrx_word' id='word_1_390' title='bbox 1313 2442 1405 2492; x_wconf 88' lang='lat' dir='ltr'>qua</span> <span class='ocrx_word' id='word_1_391' title='bbox 1420 2425 1554 2489; x_wconf 86' lang='lat' dir='ltr'>supra</span> <span class='ocrx_word' id='word_1_392' title='bbox 1570 2441 1600 2472; x_wconf 87' lang='lat' dir='ltr'>n</span> <span class='ocrx_word' id='word_1_393' title='bbox 1619 2441 1630 2471; x_wconf 76' lang='lat' dir='ltr'>t</span> <span class='ocrx_word' id='word_1_394' title='bbox 1657 2425 1789 2487; x_wconf 85' lang='lat'><strong>6396</strong></span> <span class='ocrx_word' id='word_1_395' title='bbox 1808 2445 1822 2478; x_wconf 89' lang='lat'>;</span> <span class='ocrx_word' id='word_1_396' title='bbox 1856 2439 1914 2470; x_wconf 85' lang='lat' dir='ltr'>ex</span> <span class='ocrx_word' id='word_1_397' title='bbox 1936 2426 2268 2487; x_wconf 78' lang='lat' dir='ltr'>significatione</span> 
     </span>
     <span class='ocr_line' id='line_1_34' title="bbox 286 2490 2264 2574; baseline -0.016 -14"><span class='ocrx_word' id='word_1_398' title='bbox 286 2509 502 2574; x_wconf 84' lang='lat' dir='ltr'>serpentis</span> <span class='ocrx_word' id='word_1_399' title='bbox 524 2504 652 2570; x_wconf 92' lang='lat' dir='ltr'>quod</span> <span class='ocrx_word' id='word_1_400' title='bbox 675 2504 729 2558; x_wconf 82' lang='lat' dir='ltr'>fit</span> <span class='ocrx_word' id='word_1_401' title='bbox 745 2497 1029 2550; x_wconf 89' lang='lat' dir='ltr'>ratiocinatio</span> <span class='ocrx_word' id='word_1_402' title='bbox 1048 2511 1104 2544; x_wconf 84' lang='lat' dir='ltr'>ex</span> <span class='ocrx_word' id='word_1_403' title='bbox 1126 2492 1332 2550; x_wconf 88' lang='lat' dir='ltr'>sensuali,</span> <span class='ocrx_word' id='word_1_404' title='bbox 1354 2494 1415 2540; x_wconf 89' lang='lat' dir='ltr'>de</span> <span class='ocrx_word' id='word_1_405' title='bbox 1431 2507 1523 2556; x_wconf 87' lang='lat' dir='ltr'>qua</span> <span class='ocrx_word' id='word_1_406' title='bbox 1540 2490 1767 2552; x_wconf 87' lang='lat' dir='ltr'>sequitur·,</span> <span class='ocrx_word' id='word_1_407' title='bbox 1799 2491 1849 2536; x_wconf 87' lang='lat'>&amp;</span> <span class='ocrx_word' id='word_1_408' title='bbox 1866 2491 2264 2552; x_wconf 69' lang='lat' dir='ltr'>exfignificatione</span> 
     </span>
     <span class='ocr_line' id='line_1_35' title="bbox 290 2555 2264 2638; baseline -0.022 -14"><span class='ocrx_word' id='word_1_409' title='bbox 290 2579 398 2632; x_wconf 85' lang='lat' dir='ltr'>viae,</span> <span class='ocrx_word' id='word_1_410' title='bbox 434 2573 560 2638; x_wconf 90' lang='lat' dir='ltr'>quod</span> <span class='ocrx_word' id='word_1_411' title='bbox 588 2569 639 2616; x_wconf 82' lang='lat' dir='ltr'>[it</span> <span class='ocrx_word' id='word_1_412' title='bbox 663 2584 840 2624; x_wconf 89' lang='lat' dir='ltr'>verum,</span> <span class='ocrx_word' id='word_1_413' title='bbox 873 2566 932 2614; x_wconf 89' lang='lat' dir='ltr'>de</span> <span class='ocrx_word' id='word_1_414' title='bbox 954 2579 1046 2628; x_wconf 89' lang='lat' dir='ltr'>qua</span> <span class='ocrx_word' id='word_1_415' title='bbox 1063 2578 1117 2609; x_wconf 91' lang='lat' dir='ltr'>n:</span> <span class='ocrx_word' id='word_1_416' title='bbox 1146 2559 1259 2621; x_wconf 73' lang='lat'><em>627.</em></span> <span class='ocrx_word' id='word_1_417' title='bbox 1286 2575 1411 2622; x_wconf 84' lang='lat'><strong>2333</strong></span> <span class='ocrx_word' id='word_1_418' title='bbox 1437 2579 1450 2611; x_wconf 79' lang='lat'><em>3</em></span> <span class='ocrx_word' id='word_1_419' title='bbox 1503 2558 1564 2604; x_wconf 84' lang='lat' dir='ltr'>ita</span> <span class='ocrx_word' id='word_1_420' title='bbox 1588 2572 1669 2618; x_wconf 82' lang='lat' dir='ltr'>per</span> <span class='ocrx_word' id='word_1_421' title='bbox 1689 2557 1795 2602; x_wconf 67' lang='lat' dir='ltr'>Dan</span> <span class='ocrx_word' id='word_1_422' title='bbox 1819 2555 1995 2619; x_wconf 65' lang='lat' dir='ltr'>serpens</span> <span class='ocrx_word' id='word_1_423' title='bbox 2019 2557 2148 2622; x_wconf 78' lang='lat' dir='ltr'>super</span> <span class='ocrx_word' id='word_1_424' title='bbox 2170 2562 2264 2616; x_wconf 52' lang='lat' dir='ltr'>via,</span> 
     </span>
     <span class='ocr_line' id='line_1_36' title="bbox 286 2621 2265 2705; baseline -0.014 -12"><span class='ocrx_word' id='word_1_425' title='bbox 286 2641 566 2705; x_wconf 74' lang='lat' dir='ltr'>significatur</span> <span class='ocrx_word' id='word_1_426' title='bbox 583 2634 862 2690; x_wconf 82' lang='lat' dir='ltr'>ratiocinatio</span> <span class='ocrx_word' id='word_1_427' title='bbox 884 2645 1046 2680; x_wconf 89' lang='lat' dir='ltr'>eorum</span> <span class='ocrx_word' id='word_1_428' title='bbox 1069 2628 1127 2674; x_wconf 91' lang='lat' dir='ltr'>de</span> <span class='ocrx_word' id='word_1_429' title='bbox 1144 2635 1274 2680; x_wconf 84' lang='lat' dir='ltr'>vero,</span> <span class='ocrx_word' id='word_1_430' title='bbox 1304 2625 1419 2688; x_wconf 81' lang='lat' dir='ltr'>quia</span> <span class='ocrx_word' id='word_1_431' title='bbox 1443 2637 1535 2670; x_wconf 90' lang='lat' dir='ltr'>non</span> <span class='ocrx_word' id='word_1_432' title='bbox 1558 2621 1707 2670; x_wconf 79' lang='lat' dir='ltr'>adhuc</span> <span class='ocrx_word' id='word_1_433' title='bbox 1731 2622 1902 2668; x_wconf 91' lang='lat' dir='ltr'>bonum</span> <span class='ocrx_word' id='word_1_434' title='bbox 1925 2624 2051 2670; x_wconf 85' lang='lat' dir='ltr'>ducit</span> <span class='ocrx_word' id='word_1_435' title='bbox 2071 2642 2098 2670; x_wconf 63' lang='lat' dir='ltr'>:v</span> <span class='ocrx_word' id='word_1_436' title='bbox 2118 2627 2265 2688; x_wconf 77' lang='lat' dir='ltr'>qualis</span> 
     </span>
     <span class='ocr_line' id='line_1_37' title="bbox 286 2688 2266 2762; baseline -0.014 -5"><span class='ocrx_word' id='word_1_437' title='bbox 286 2710 361 2759; x_wconf 88' lang='lat' dir='ltr'>illa</span> <span class='ocrx_word' id='word_1_438' title='bbox 385 2702 665 2756; x_wconf 81' lang='lat' dir='ltr'>ratiocinatio</span> <span class='ocrx_word' id='word_1_439' title='bbox 688 2702 756 2758; x_wconf 85' lang='lat' dir='ltr'>fit,</span> <span class='ocrx_word' id='word_1_440' title='bbox 807 2701 857 2748; x_wconf 87' lang='grc' dir='ltr'>ὅτ</span> <span class='ocrx_word' id='word_1_441' title='bbox 880 2697 1009 2762; x_wconf 90' lang='lat' dir='ltr'>quale</span> <span class='ocrx_word' id='word_1_442' title='bbox 1033 2694 1138 2742; x_wconf 89' lang='lat' dir='ltr'>inde</span> <span class='ocrx_word' id='word_1_443' title='bbox 1162 2707 1345 2748; x_wconf 85' lang='lat' dir='ltr'>verum,</span> <span class='ocrx_word' id='word_1_444' title='bbox 1382 2689 1427 2735; x_wconf 91' lang='lat' dir='ltr'>in</span> <span class='ocrx_word' id='word_1_445' title='bbox 1452 2689 1734 2751; x_wconf 87' lang='lat' dir='ltr'>sequentibus</span> <span class='ocrx_word' id='word_1_446' title='bbox 1755 2688 1945 2737; x_wconf 86' lang='lat' dir='ltr'>dicetur.</span> <span class='ocrx_word' id='word_1_447' title='bbox 2013 2691 2153 2751; x_wconf 78' lang='lat' dir='ltr'>Qiod</span> <span class='ocrx_word' id='word_1_448' title='bbox 2180 2693 2266 2740; x_wconf 71' lang='lat' dir='ltr'>ser..</span> 
     </span>
     <span class='ocr_line' id='line_1_38' title="bbox 286 2755 1574 2875; baseline -0.01 15"><span class='ocrx_word' id='word_1_449' title='bbox 286 2790 397 2864; x_wconf 51' lang='lat'>9⁶2⁸</span> <span class='ocrx_word' id='word_1_450' title='bbox 807 2761 1088 2875; x_wconf 43' lang='grc' dir='ltr'>εἐῐῗῑῑῖὲὲ</span> <span class='ocrx_word' id='word_1_451' title='bbox 1139 2757 1330 2871; x_wconf 49' lang='lat'>{3132</span> <span class='ocrx_word' id='word_1_452' title='bbox 1345 2755 2261 2881; x_wconf 55' lang='lat'>33‘32‘322</span> 
     </span>
     <span class='ocr_line' id='line_1_39' title="bbox 363 2839 2260 2888; baseline -0.025 0"><span class='ocrx_word' id='word_1_453' title='bbox 363 2857 407 2888; x_wconf 65' lang='lat' dir='ltr'>io</span> <span class='ocrx_word' id='word_1_454' title='bbox 466 2854 511 2884; x_wconf 89' lang='lat' dir='ltr'>er</span> <span class='ocrx_word' id='word_1_455' title='bbox 533 2850 681 2882; x_wconf 80' lang='lat' dir='ltr'>anima</span> <span class='ocrx_word' id='word_1_456' title='bbox 702 2849 741 2879; x_wconf 81' lang='lat' dir='ltr'>ia</span> <span class='ocrx_word' id='word_1_457' title='bbox 764 2847 878 2879; x_wconf 80' lang='lat' dir='ltr'>varii</span> <span class='ocrx_word' id='word_1_458' title='bbox 960 2845 987 2875; x_wconf 89' lang='lat' dir='ltr'>n</span> <span class='ocrx_word' id='word_1_459' title='bbox 1078 2862 1092 2882; x_wconf 94' lang='lat'>,</span> <span class='ocrx_word' id='word_1_460' title='bbox 2005 2839 2050 2868; x_wconf 77' lang='lat' dir='ltr'>m</span> <span class='ocrx_word' id='word_1_461' title='bbox 2104 2841 2115 2870; x_wconf 60' lang='lat'>¹</span> <span class='ocrx_word' id='word_1_462' title='bbox 2156 2840 2199 2871; x_wconf 73' lang='lat' dir='ltr'><strong>m</strong></span> <span class='ocrx_word' id='word_1_463' title='bbox 2240 2853 2260 2860; x_wconf 58' lang='grc'>-</span> 
     </span>
    </p>

    <p class='ocr_par' dir='ltr' id='par_1_5' title="bbox 281 2837 2262 3235">
     <span class='ocr_line' id='line_1_40' title="bbox 281 2837 2259 2959; baseline -0.014 -2"><span class='ocrx_word' id='word_1_464' title='bbox 281 2855 474 2959; x_wconf 47' lang='lat' dir='ltr'>{gitur-‘33</span> <span class='ocrx_word' id='word_1_465' title='bbox 528 2899 740 2954; x_wconf 84' lang='lat' dir='ltr'>sensualia</span> <span class='ocrx_word' id='word_1_466' title='bbox 763 2845 961 2946; x_wconf 54' lang='lat' dir='ltr'>homiffis</span> <span class='ocrx_word' id='word_1_467' title='bbox 991 2879 1302 2956; x_wconf 71' lang='lat' dir='ltr'>repraesentata</span> <span class='ocrx_word' id='word_1_468' title='bbox 1325 2887 1509 2935; x_wconf 86' lang='lat' dir='ltr'>fuerunt</span> <span class='ocrx_word' id='word_1_469' title='bbox 1533 2902 1610 2949; x_wconf 90' lang='lat' dir='ltr'>per</span> <span class='ocrx_word' id='word_1_470' title='bbox 1634 2886 1870 2949; x_wconf 89' lang='lat' dir='ltr'>serpentes,</span> <span class='ocrx_word' id='word_1_471' title='bbox 1921 2903 1977 2933; x_wconf 88' lang='lat' dir='ltr'>ex</span> <span class='ocrx_word' id='word_1_472' title='bbox 2000 2837 2259 2953; x_wconf 65' lang='lat' dir='ltr'>causagquia</span> 
     </span>
     <span class='ocr_line' id='line_1_41' title="bbox 284 2951 2257 3026; baseline -0.012 -4"><span class='ocrx_word' id='word_1_473' title='bbox 284 2972 496 3022; x_wconf 84' lang='lat' dir='ltr'>sensualia</span> <span class='ocrx_word' id='word_1_474' title='bbox 520 2969 620 3016; x_wconf 90' lang='lat' dir='ltr'>sunt</span> <span class='ocrx_word' id='word_1_475' title='bbox 638 2966 796 3014; x_wconf 88' lang='lat' dir='ltr'>infima</span> <span class='ocrx_word' id='word_1_476' title='bbox 817 2961 939 3026; x_wconf 88' lang='lat' dir='ltr'>apud</span> <span class='ocrx_word' id='word_1_477' title='bbox 958 2958 1214 3012; x_wconf 89' lang='lat' dir='ltr'>hominem,</span> <span class='ocrx_word' id='word_1_478' title='bbox 1248 2957 1300 3004; x_wconf 88' lang='lat'>&amp;</span> <span class='ocrx_word' id='word_1_479' title='bbox 1317 2956 1426 3002; x_wconf 88' lang='lat' dir='ltr'>ficut</span> <span class='ocrx_word' id='word_1_480' title='bbox 1444 2951 1659 2999; x_wconf 87' lang='lat' dir='ltr'>terrestria</span> <span class='ocrx_word' id='word_1_481' title='bbox 1679 2951 1938 3014; x_wconf 53' lang='lat' dir='ltr'>respeffitin</span> <span class='ocrx_word' id='word_1_482' title='bbox 1975 2968 2025 3000; x_wconf 89' lang='lat' dir='ltr'>ac</span> <span class='ocrx_word' id='word_1_483' title='bbox 2042 2955 2165 3018; x_wconf 79' lang='lat' dir='ltr'>quasi</span> <span class='ocrx_word' id='word_1_484' title='bbox 2190 2973 2257 3003; x_wconf 86' lang='lat' dir='ltr'>re-</span> 
     </span>
     <span class='ocr_line' id='line_1_42' title="bbox 286 3017 2260 3104; baseline -0.016 -15"><span class='ocrx_word' id='word_1_485' title='bbox 286 3051 422 3104; x_wconf 87' lang='lat' dir='ltr'>punt,</span> <span class='ocrx_word' id='word_1_486' title='bbox 456 3049 506 3085; x_wconf 91' lang='lat' dir='ltr'>ut</span> <span class='ocrx_word' id='word_1_487' title='bbox 529 3048 715 3100; x_wconf 89' lang='lat' dir='ltr'>quoque</span> <span class='ocrx_word' id='word_1_488' title='bbox 738 3029 940 3088; x_wconf 87' lang='lat' dir='ltr'>constare</span> <span class='ocrx_word' id='word_1_489' title='bbox 962 3024 1110 3090; x_wconf 89' lang='lat' dir='ltr'>potest</span> <span class='ocrx_word' id='word_1_490' title='bbox 1131 3039 1188 3071; x_wconf 85' lang='lat' dir='ltr'>ex</span> <span class='ocrx_word' id='word_1_491' title='bbox 1211 3021 1387 3075; x_wconf 86' lang='lat' dir='ltr'>formis,</span> <span class='ocrx_word' id='word_1_492' title='bbox 1423 3034 1504 3081; x_wconf 90' lang='lat' dir='ltr'>per</span> <span class='ocrx_word' id='word_1_493' title='bbox 1523 3033 1632 3082; x_wconf 89' lang='lat' dir='ltr'>quas</span> <span class='ocrx_word' id='word_1_494' title='bbox 1655 3018 1799 3087; x_wconf 83' lang='lat' dir='ltr'>fluunt</span> <span class='ocrx_word' id='word_1_495' title='bbox 1821 3017 2047 3076; x_wconf 88' lang='lat' dir='ltr'>sensualia,</span> <span class='ocrx_word' id='word_1_496' title='bbox 2080 3021 2141 3068; x_wconf 76' lang='lat' dir='ltr'>de</span> <span class='ocrx_word' id='word_1_497' title='bbox 2155 3024 2260 3083; x_wconf 71' lang='lat' dir='ltr'>qui..</span> 
     </span>
     <span class='ocr_line' id='line_1_43' title="bbox 286 3083 2262 3156; baseline -0.012 -2"><span class='ocrx_word' id='word_1_498' title='bbox 286 3107 370 3154; x_wconf 91' lang='lat' dir='ltr'>bus</span> <span class='ocrx_word' id='word_1_499' title='bbox 387 3119 443 3150; x_wconf 84' lang='lat' dir='ltr'>ex</span> <span class='ocrx_word' id='word_1_500' title='bbox 456 3102 627 3156; x_wconf 88' lang='lat' dir='ltr'>Divina</span> <span class='ocrx_word' id='word_1_501' title='bbox 641 3098 836 3148; x_wconf 88' lang='lat' dir='ltr'>Domini</span> <span class='ocrx_word' id='word_1_502' title='bbox 851 3090 1182 3145; x_wconf 88' lang='lat' dir='ltr'>Misericordia,</span> <span class='ocrx_word' id='word_1_503' title='bbox 1206 3087 1344 3141; x_wconf 86' lang='lat' dir='ltr'>alibi;</span> <span class='ocrx_word' id='word_1_504' title='bbox 1369 3086 1474 3132; x_wconf 81' lang='lat' dir='ltr'>inde</span> <span class='ocrx_word' id='word_1_505' title='bbox 1499 3083 1709 3131; x_wconf 85' lang='lat' dir='ltr'>sensualia</span> <span class='ocrx_word' id='word_1_506' title='bbox 1730 3083 1801 3130; x_wconf 87' lang='lat' dir='ltr'>illa</span> <span class='ocrx_word' id='word_1_507' title='bbox 1823 3084 2135 3147; x_wconf 79' lang='lat' dir='ltr'>repraesentata</span> <span class='ocrx_word' id='word_1_508' title='bbox 2160 3088 2262 3136; x_wconf 83' lang='lat' dir='ltr'>sunt</span> 
     </span>
     <span class='ocr_line' id='line_1_44' title="bbox 286 3146 2261 3235; baseline -0.011 -16"><span class='ocrx_word' id='word_1_509' title='bbox 286 3188 368 3235; x_wconf 87' lang='lat' dir='ltr'>per</span> <span class='ocrx_word' id='word_1_510' title='bbox 385 3169 623 3231; x_wconf 84' lang='lat' dir='ltr'>serpentes,</span> <span class='ocrx_word' id='word_1_511' title='bbox 655 3165 792 3229; x_wconf 89' lang='lat' dir='ltr'>usque</span> <span class='ocrx_word' id='word_1_512' title='bbox 817 3163 945 3216; x_wconf 80' lang='lat' dir='ltr'>aden,</span> <span class='ocrx_word' id='word_1_513' title='bbox 978 3171 1032 3207; x_wconf 91' lang='lat' dir='ltr'>ut</span> <span class='ocrx_word' id='word_1_514' title='bbox 1049 3156 1279 3204; x_wconf 87' lang='lat' dir='ltr'>Divinum</span> <span class='ocrx_word' id='word_1_515' title='bbox 1294 3151 1485 3201; x_wconf 84' lang='lat' dir='ltr'>sensuale</span> <span class='ocrx_word' id='word_1_516' title='bbox 1509 3149 1704 3198; x_wconf 87' lang='lat' dir='ltr'>Domini</span> <span class='ocrx_word' id='word_1_517' title='bbox 1728 3146 2092 3213; x_wconf 67' lang='lat' dir='ltr'>repraesentatum</span> <span class='ocrx_word' id='word_1_518' title='bbox 2110 3154 2163 3200; x_wconf 81' lang='lat' dir='ltr'>sit</span> <span class='ocrx_word' id='word_1_519' title='bbox 2181 3171 2261 3216; x_wconf 85' lang='lat' dir='ltr'>per</span> 
     </span>
    </p>
   </div>
   <div class='ocr_carea' id='block_1_3' title="bbox 284 3217 2259 3349">
    <p class='ocr_par' dir='ltr' id='par_1_6' title="bbox 284 3217 2259 3349">
     <span class='ocr_line' id='line_1_45' title="bbox 284 3217 2259 3336; baseline -0.011 -50"><span class='ocrx_word' id='word_1_520' title='bbox 284 3235 743 3303; x_wconf 78' lang='lat' dir='ltr'>serpentem-aeneum</span> <span class='ocrx_word' id='word_1_521' title='bbox 769 3231 813 3280; x_wconf 88' lang='lat' dir='ltr'>in</span> <span class='ocrx_word' id='word_1_522' title='bbox 839 3227 1030 3284; x_wconf 89' lang='lat' dir='ltr'>deserto,</span> <span class='ocrx_word' id='word_1_523' title='bbox 1081 3240 1109 3272; x_wconf 88' lang='lat' dir='ltr'>n</span> <span class='ocrx_word' id='word_1_524' title='bbox 1125 3241 1135 3270; x_wconf 90' lang='lat'><strong>:</strong></span> <span class='ocrx_word' id='word_1_525' title='bbox 1153 3238 1248 3336; x_wconf 47' lang='lat' dir='ltr'>§aar</span> <span class='ocrx_word' id='word_1_526' title='bbox 1265 3238 1285 3268; x_wconf 72' lang='grc' dir='ltr'><strong><em>ι</em></strong></span> <span class='ocrx_word' id='word_1_527' title='bbox 1317 3219 1353 3265; x_wconf 86' lang='lat' dir='ltr'>f:</span> <span class='ocrx_word' id='word_1_528' title='bbox 1377 3234 1427 3266; x_wconf 83' lang='lat' dir='ltr'>ac</span> <span class='ocrx_word' id='word_1_529' title='bbox 1451 3217 1541 3284; x_wconf 86' lang='lat' dir='ltr'>ipsa</span> <span class='ocrx_word' id='word_1_530' title='bbox 1565 3217 1802 3282; x_wconf 83' lang='lat' dir='ltr'>prudentia</span> <span class='ocrx_word' id='word_1_531' title='bbox 1823 3218 1873 3265; x_wconf 87' lang='lat'>&amp;</span> <span class='ocrx_word' id='word_1_532' title='bbox 1896 3218 2259 3283; x_wconf 68' lang='lat' dir='ltr'>circumspectiO,</span> 
     </span>
     <span class='ocr_line' id='line_1_46' title="bbox 1237 3299 2259 3349; baseline -0.027 -14"><span class='ocrx_word' id='word_1_533' title='bbox 1237 3303 1285 3334; x_wconf 91' lang='lat' dir='ltr'>m</span> <span class='ocrx_word' id='word_1_534' title='bbox 1310 3301 1356 3332; x_wconf 92' lang='lat' dir='ltr'>m</span> <span class='ocrx_word' id='word_1_535' title='bbox 2152 3299 2259 3349; x_wconf 48' lang='grc' dir='ltr'>(μω</span> 
     </span>
    </p>
   </div>
  </div>
 </body>
</html>
