2606 3646
279 133 285 141 ἱ
317 188 631 266 CAPUT
661 178 1530 270 QUADRAGESIMUM
1565 183 1807 271 QUIN
1810 191 1869 258 T
1872 191 2035 258 ΠΜ
2039 247 2053 262 .
2142 197 2236 261 26
2239 214 2289 283 9

276 325 368 376 hoc
390 326 458 384 ita
475 321 520 371 se
542 317 715 370 habet3
752 309 1010 377 Benjamin,
1049 309 1157 376 quia
1190 304 1540 372 repraesentabat
1577 306 1821 368 Medium,
1858 314 1908 360 &
1934 313 2019 360 hoc
2054 316 2279 368 Medium

273 390 571 446 etat.Verum
596 381 803 436 interius,
826 395 856 427 n
877 395 889 426 ε
915 376 1065 440 5600.
1086 376 1235 441 5631,
1271 373 1540 423 immediate
1563 373 1826 438 dependens
1840 395 1898 427 ex
1914 380 2044 428 Bono
2068 384 2273 443 Interno,

273 457 403 527 quod
426 450 621 521 Joseph,
656 449 827 497 ideirco
848 444 891 493 ei
916 445 1150 510 perceptio
1171 442 1405 497 clarior&
1429 440 1714 504 exquisitior,
1772 462 1914 509 quam
1935 447 2048 494 veris
2069 467 2179 516 quae
2205 451 2271 499 in-

271 528 341 576 fra
352 525 433 574 stu
451 517 679 575 externis,
700 529 813 581 quae
833 514 994 569 decem
1017 510 1114 573 ejus
1139 511 1293 559 fratres
1316 505 1696 572 repraesentabant
1716 531 1746 566 ;Α
1763 514 1941 568 ,Verum
1964 517 2086 563 enim
2107 519 2156 565 &
2179 519 2271 567 Bo·

270 606 406 648 num,
438 603 537 654 quo
553 583 745 651 propius
770 580 833 629 est
857 578 1061 637 Interno,
1095 591 1155 631 eo
1176 575 1427 642 perfectius
1451 574 1619 622 habent
1640 580 1981 644 perceptivum‚.
2016 583 2114 632 sunt
2140 589 2270 648 peni-

268 659 363 709 tius
386 659 435 707 in
456 655 554 704 luce
577 651 704 708 coeli,
739 665 790 697 ac
813 647 874 696 ita
897 647 1087 712 propius
1122 645 1369 698 Domino;
1403 641 1604 690 influxus
1629 658 1827 710 namque
1866 647 2030 695 Divini
2068 651 2179 699 Boni
2216 655 2272 701 δε·

188 775 198 780 „
267 724 382 774 Veri
403 741 429 772 a
453 720 684 776 Domino,
734 713 1033 781 progreditur
1071 728 1153 777 per
1184 711 1428 761 continuas
1461 709 1779 759 meditationes
1802 715 1852 761 &
1879 714 1935 761 fic
1958 714 2266 776 successiones,

268 808 411 859 quare
433 788 516 856 qui
541 788 587 835 in
612 785 775 851 primis
801 782 873 830 seu
900 781 1040 830 initiis
1061 779 1184 836 sunt,
1219 774 1713 849 excipiunt-infinitum
1738 780 2035 844 perceptione
2061 784 2269 843 clariore,

266 860 376 926 quia
412 854 742 907 immediatius,
777 864 920 915 quam
942 848 1024 912 qui
1048 848 1096 895 in
1124 844 1286 895 mediis
1308 845 1360 893 &
1383 843 1600 896 ultlmi33
1636 843 1901 895 obscuratur
1921 847 2159 899 succeflive
2185 854 2267 900 bo-

265 943 382 976 num
405 927 457 974 &
479 937 663 977 verum,
698 916 811 966 sicut
832 916 931 972 lux,
965 914 1023 961 ad
1057 912 1307 968 distantias,
1341 926 1449 959 nam
1474 907 1829 971 imperfectiora,
1868 929 1979 977 quae
1995 933 2077 980 per
2092 922 2265 982 gradus

263 993 526 1046 succedunt,
561 988 792 1036 hebetant.
860 981 939 1030 Ex
961 980 1031 1032 his
1059 990 1206 1044 patet,
1238 977 1484 1043 quomodo
1518 975 1791 1038 intelligitur
1814 981 2073 1031 testificatio
2099 988 2261 1050 impri-

263 1061 356 1110 mis
376 1075 402 1107 a
425 1055 722 1124 perceptione
737 1048 911 1107 Medii,
946 1047 1012 1096 est
1029 1049 1160 1096 enirn
1175 1045 1400 1095 Medium
1419 1042 1627 1101 interius,
1652 1045 1703 1092 &
1721 1061 1842 1105 vera,
1867 1063 1974 1113 quae
1991 1050 2075 1098 filii
2095 1052 2267 1113 Jacob52

262 1126 607 1193 re'praesentant,
642 1120 746 1169 sunt
778 1118 1013 1166 exteriora.
1587 1147 1593 1153 -

335 1208 483 1258 5921.
521 1186 670 1254 Qod
694 1183 982 1248 oreloquens
1004 1180 1062 1230 ad
1085 1196 1185 1239 voS‚
1219 1179 1348 1245 quod
1367 1175 1594 1242 fignificet
1617 1179 2050 1241 manifestationem,
2085 1186 2267 1236 constat.

262 1276 321 1311 ex
349 1276 422 1318 eo,
457 1261 588 1322 quod
622 1255 770 1320 prima
791 1249 1046 1300 testificatio
1063 1247 1199 1297 fuerit
1213 1248 1342 1313 quod
1363 1245 1487 1294 oculi
1516 1257 1679 1293 colum
1703 1247 1927 1307 viderent,
1962 1251 2095 1299 altera
2127 1255 2259 1318 quod

260 1327 401 1384 oculi,
436 1320 734 1384 Beniaminis,
775 1318 875 1382 jam
916 1317 1044 1378 tertia
1074 1315 1204 1381 quod
1227 1330 1305 1364 ore
1329 1314 1592 1377 loqueretur
1612 1315 1669 1362 ad
1694 1329 1787 1372 eos,
1823 1332 1882 1364 ex
1903 1318 2076 1380 quibus
2113 1336 2265 1369 omne·

260 1395 476 1450 dubium,
494 1391 611 1457 quin
627 1387 722 1453 ipse
738 1385 847 1434 effet
869 1383 1116 1448 Josephm,
1141 1380 1334 1438 sustulit,
1357 1380 1683 1443 consequenter
1700 1382 1836 1448 plene
1853 1382 1898 1430 se
1916 1384 2226 1438 manifestavit
2241 1411 2267 1445 ςἆ

262 1462 371 1510 inde
393 1461 469 1509 illa
491 1457 632 1506 verba
655 1453 901 1503 involvunt
924 1448 1355 1500 manifestationem.

333 1541 480 1594 5922.
517 1524 583 1572 Et
614 1519 825 1570 indicetis
859 1518 980 1582 patri
1015 1531 1126 1566 meo
1159 1530 1351 1579 omnem
1376 1516 1574 1580 gloriam
1610 1529 1761 1566 meam
1786 1514 1833 1563 in
1857 1516 2090 1583 AEgypto,
2125 1523 2259 1586 quod·

258 1596 485 1659 significet
506 1583 1113 1640 communicationem‘coeli
1145 1580 1388 1647 spiritualis
1413 1583 1459 1631 in
1482 1582 1696 1633 Naturali
1714 1598 1825 1631 cum
1860 1583 1992 1633 Bono
2018 1586 2260 1651 spirituali,

257 1662 435 1712 constat
466 1673 530 1707 ex
564 1653 895 1719 significatione
933 1650 1148 1706 indicare,
1185 1650 1313 1714 quod
1337 1651 1393 1699 fit
1416 1652 1794 1705 communicatu
1828 1666 1889 1698 ex
1922 1652 2260 1716 significatione

259 1729 441 1794 gloriae‚
477 1725 607 1792 quod
624 1725 677 1772 fit
693 1721 871 1770 coelum
898 1716 1137 1782 spirituale,
1165 1717 1220 1764 de
1235 1732 1329 1781 qua
1346 1717 1546 1782 sequitur
1565 1741 1580 1775 3
1613 1733 1670 1767 ex
1690 1716 2018 1779 significatione
2035 1721 2264 1789 AEgyptif

257 1797 389 1861 quod
413 1796 500 1843 fint
525 1791 769 1856 scientifica
799 1802 908 1852 quae
932 1786 980 1832 in
1004 1783 1214 1840 naturali,
1249 1784 1312 1831 ita
1335 1786 1553 1843 naturale,
1588 1798 1639 1834 ut
1663 1784 1794 1847 supra
1817 1801 1846 1833 n
1865 1803 1881 1832 .·
1915 1790 2044 1851 5908
2073 1809 2087 1844 3
2124 1793 2173 1838 δε
2198 1807 2261 1840 ex

253 1860 652 1928 repraesentatione
694 1854 883 1911 Israelis,
939 1853 1021 1917 qui
1079 1851 1154 1899 hic
1203 1863 1332 1913 pater
1373 1867 1480 1900 cum
1529 1869 1626 1918 quo
1673 1857 2039 1903 communicatio
2099 1857 2255 1916 fieret,

259 1930 387 1995 quod
414 1929 466 1977 fit
490 1928 675 1975 bonum⁸
691 1919 946 1986 spirituale,
975 1918 1034 1966 de
1057 1934 1148 1983 qua
1170 1915 1301 1981 supra
1324 1934 1387 1966 n:
1414 1921 1546 1980 5906
1567 1941 1581 1974 ;
1615 1918 1725 1967 inde
1750 1931 1893 1983 patet,
1926 1923 2056 1985 quod
2080 1939 2163 1988 per
2185 1926 2256 1973 in..

257 1996 418 2046 dicetis
441 1994 558 2060 patri
583 2007 690 2040 meo
713 2003 904 2037 omnem
940 1985 1139 2057 gloriam
1165 2000 1317 2032 meam
1343 1985 1388 2032 in
1413 1986 1642 2051 AEgypto,
1677 1986 1957 2048 fignificetur
1987 1994 2254 2040 communi·
2305 2026 2312 2031 -

257 2064 376 2113 catio
395 2062 502 2110 coeli
523 2055 827 2124 spiritualisin
851 2053 1043 2101 naturali
1064 2066 1175 2100 cum
1200 2051 1326 2099 bono
1348 2051 1586 2115 spirituali.
1659 2053 1784 2100 Cum
1808 2053 1911 2112 hoc,
1950 2057 2076 2120 quod
2099 2058 2258 2122 gloria

257 2132 315 2179 fit-
328 2129 498 2180 coelum
517 2124 760 2192 spirituale,
787 2123 859 2169 ita
882 2119 924 2167 se
949 2119 1117 2174 habet·‚
1153 2118 1256 2166 sunt
1273 2118 1372 2166 duo
1392 2119 1580 2182 Regna,
1600 2118 1841 2184 exquibus
1859 2122 2057 2180 coelum,
2079 2141 2258 2192 nempe·

257 2199 479 2262 Regnum
506 2191 722 2248 Coeleste,
757 2191 806 2237 &
835 2189 1055 2250 Regnum
1079 2181 1328 2250 spirituale,
1367 2186 1589 2248 Regnum
1614 2186 1814 2235 Coeleste
1837 2188 1903 2235 est
1927 2191 2148 2240 intimum
2174 2194 2258 2242 seu.

258 2267 441 2314 tertium
468 2261 675 2316 coelum,
733 2259 783 2306 δε
807 2256 1030 2318 Regnum>
1050 2252 1279 2316 spirituale
1302 2251 1372 2300 est
1389 2254 1597 2301 inedium
1625 2254 1694 2301 seu
1722 2254 1968 2304 secundum
1992 2278 2004 2311 ;
2064 2259 2246 2309 Bonum

257 2332 426 2396 inquo
444 2327 664 2376 Coelestes
690 2324 806 2379 sunt,
843 2334 1032 2370 vocatur
1049 2318 1232 2367 Bonum
1257 2319 1455 2379 coeleste,
1494 2322 1543 2369 &
1561 2321 1743 2368 Bonum
1772 2321 1815 2368 in
1842 2339 1936 2386 quo
1962 2324 2246 2386 Spirituales3

253 2411 445 2447 vocatur
468 2396 649 2443 Bonum
675 2389 900 2456 spirituale
921 2409 935 2442 ς
991 2387 1174 2435 Bonum
1200 2386 1388 2435 coeleste
1409 2386 1473 2434 est
1495 2388 1678 2435 Bonum
1704 2388 1870 2436 amoris
1893 2391 1938 2436 in
1965 2391 2255 2452 Dominum„

256 2469 307 2515 &
333 2466 514 2512 Bonum
538 2458 769 2525 spirituale
793 2455 855 2504 est
879 2455 1061 2502 Bonum
1094 2452 1267 2501 amoris
1298 2469 1408 2516 erga
1430 2455 1699 2519 proximum
1722 2476 1736 2508 ;
1787 2471 1897 2503 cum
1923 2456 2246 2519 conjunctione

252 2535 454 2583 duorum
491 2529 677 2577 illorum
700 2526 996 2588 Regnorum,
1027 2521 1087 2568 ita
1120 2519 1201 2575 est,
1238 2519 1303 2567 est
1326 2521 1511 2568 Bonum
1535 2521 1779 2568 Charitatis
1810 2538 1914 2584 erga
1947 2526 2249 2586 proximum,

255 2599 383 2666 quod
407 2598 484 2645 illa
505 2593 763 2659 conjungit,
798 2591 1037 2638 Internum
1070 2587 1196 2634 enim
1234 2586 1417 2634 illorum
1441 2588 1524 2651 qui
1563 2589 1607 2634 in
1635 2587 1821 2635 Coelesti
1848 2590 2018 2650 Regno
2043 2591 2158 2650 sunt,
2197 2611 2252 2642 a·-

254 2685 357 2717 mur
390 2665 435 2712 in
463 2664 741 2716 Dominum,
792 2657 843 2704 ὅτ
866 2669 1114 2704 externum·
1131 2669 1292 2700 eorum
1315 2653 1381 2701 est
1405 2654 1608 2701 Charitas
1631 2667 1737 2716 erga
1763 2656 2066 2718 proxiniun13
2101 2662 2242 2709 inter-

252 2752 367 2783 num
404 2747 512 2778 vero
537 2729 744 2782 illorum,
791 2723 872 2786 qui
899 2724 945 2769 in
988 2720 1207 2784 spirituali
1234 2720 1404 2782 Regno
1444 2721 1559 2777 sunt,
1613 2721 1679 2769 est
1703 2721 1907 2769 Charitas
1942 2739 2050 2786 erga
2082 2730 2243 2791 proxi-

251 2819 407 2856 mum,
443 2799 492 2845 &
520 2797 782 2845 Externum
806 2805 962 2837 eorum
988 2787 1052 2835 est·
1077 2788 1195 2837 fides
1214 2787 1356 2842 inde;
1390 2803 1447 2834 ex
1470 2803 1567 2851 quo
1590 2800 1790 2850 apparet,
1825 2790 1950 2853 quod
1978 2791 2241 2855 conjunciio

251 2871 448 2918 duorum
465 2866 650 2912 illorum
666 2861 944 2921 Regnorum
963 2857 1042 2903 fiat
1060 2871 1140 2918 per
1155 2854 1438 2902 Charitatem
1457 2869 1565 2916 erga
1590 2855 1874 2919 proximum,
1913 2873 2019 2904 nam
2045 2860 2088 2906 in
2117 2860 2251 2911 illam-

252 2935 417 2989 delinit
440 2933 661 2994 Regnum
683 2922 903 2980 Coeleste,
939 2923 989 2970 &
1012 2922 1071 2969 ab
1088 2921 1167 2972 villa
1188 2920 1374 2968 inchoat
1399 2922 1622 2984 Regnum
1647 2922 1891 2984 spirituale,
1934 2924 1991 2970 ita
2018 2925 2248 2978 ultimum.

251 3003 384 3050 unius
404 2999 691 3064 est‘primum
714 2991 923 3047 alterius,
953 2989 1011 3036 sic
1033 2987 1268 3051 excipiunt
1291 2987 1334 3034 se
1358 3001 1524 3035 mutuo
1551 2988 1693 3035 Nunc
1715 2988 2028 3054 dicatur-quid
2046 2992 2201 3042 Gloria
2224 3018 2245 3051 ;.

258 3063 414 3116 Glmfa
447 3067 493 3114 in
528 3064 742 3130 supremo
779 3055 904 3106 sensu
939 3051 1001 3102 est
1024 3055 1256 3102 Dominus
1278 3054 1432 3118 quoad
1459 3054 1692 3104 Divinum
1712 3056 1904 3112 Verum,
1941 3059 2003 3104 ita
2023 3059 2088 3106 est
2105 3061 2244 3109 Divi-

255 3141 370 3181 num
386 3134 567 3182 Verum
589 3130 718 3196 quod*
742 3123 945 3192 procedit
966 3139 991 3169 a
1012 3122 1222 3170 Domino
1243 3140 1258 3176 3
1294 3119 1452 3169 Gloria
1475 3133 1633 3168 autem
1659 3123 1703 3168 in
1725 3122 1855 3169 sensu
1875 3125 2249 3187 repraesentatjvo

254 3198 738 3266 estssssonumAmoris
770 3207 876 3258 erga
911 3190 1181 3257 proximum
1214 3187 1290 3252 ¹stu
1314 3186 1540 3247 Charitas,
1576 3204 1685 3254 quae
1713 3187 1776 3238 est
1798 3189 1980 3240 Bonum
2003 3205 2251 3243 externum

359 3278 367 3287 ο
1846 3284 1856 3293 ·
2080 3261 2243 3324 Regni
