2566 3640
286 203 421 288 468
638 160 1880 268 GENESJS.

293 329 422 391 quod
447 328 510 378 illi
533 330 611 396 qui
636 330 683 378 in
706 328 821 378 fallis
845 326 963 384 sunt,
1014 326 1143 374 omni
1167 326 1410 375 hostilitate
1445 326 1764 391 persequantur
1786 325 2027 375 hominem
2051 324 2271 379 Ecclefia?

293 395 320 441 s
348 396 548 445 iritualis.
1398 406 1400 408 ’
1523 400 1527 402 “

312 411 344 457 p
370 462 461 520 642
470 481 514 525 3.
552 463 614 510 Et
638 461 806 510 sedebit
828 462 874 508 in
897 460 1053 509 valido
1087 475 1212 509 arcus
1251 459 1336 516 sui,
1386 459 1516 523 quod
1554 458 1776 523 significet
1809 461 1935 525 quod
1965 473 2087 509 tutus
2111 476 2137 506 a
2159 474 2272 507 vero

298 539 533 589 pugnante
566 528 801 583 doftrinae,
836 526 1009 575 constat
1030 543 1056 574 a
1080 527 1406 590 significatione
1442 523 1608 580 sedere,
1659 526 1785 588 quod
1810 528 1864 574 fit
1888 537 2012 575 tutus
2034 526 2137 581 effe,
2189 525 2273 588 qui

301 593 426 638 enim
445 593 564 639 sedet
586 594 632 640 in
656 592 807 639 valido
831 608 971 647 arcuS,
1006 593 1041 639 is
1061 605 1184 639 tutus
1202 592 1265 639 est
1283 611 1301 647 ·,
1335 607 1392 638 ex
1417 590 1741 654 significatione
1764 606 1904 647 arcuS,
1943 593 2071 655 quod
2097 592 2150 639 fit
2168 592 2276 638 doc-

301 657 434 714 trina,
469 661 526 706 de
544 674 631 722 qua
654 675 706 706 n:
738 661 847 706 280.
877 673 1022 721 2709,
1071 657 1274 705 validum
1308 656 1530 704 doctrinae
1552 655 1616 702 est
1640 670 1821 713 verum,
1854 656 2059 705 doctrina
2081 656 2205 704 enirn
2230 656 2282 704 in

301 738 398 784 quo
423 739 513 770 non
536 740 711 779 verum,
763 723 877 770 nihil
913 725 1064 779 valet·,
1112 724 1240 787 quod
1274 738 1386 771 vero
1418 722 1471 770 sit
1503 723 1706 786 potentia
1729 723 1778 770 &
1801 722 1947 779 valor,
1989 722 2196 769 videatur
2219 738 2278 769 n:

304 791 396 848 878
425 787 456 834 f.
483 804 628 852 3091.
655 791 800 852 6344.
823 805 970 854 4931.
996 806 1144 852 4934.
1169 804 1300 854 4937
1323 810 1340 844 3
1390 786 1518 835 causa
1541 786 1666 851 quod
1690 796 1851 835 verum
1880 788 1933 835 sit
1956 787 2181 843 validum,
2213 787 2279 835 est

262 891 267 895 .
299 853 407 914 quia
432 854 605 901 bonum
629 858 727 918 agit
749 871 828 918 per
851 870 1013 903 verum
1035 875 1050 908 ·,
1085 857 1260 902 bonum
1291 855 1416 902 enim
1438 853 1503 901 est
1532 854 1634 909 tale,
1667 865 1722 901 ut
1744 853 1800 901 ad
1824 852 1936 901 illud
1960 853 2074 900 nihil
2099 851 2205 900 mali
2228 853 2282 900 δε

298 918 394 965 falfi
417 920 620 966 accedere
645 923 795 983 poffit,
830 921 890 968 ita
913 935 994 966 nec
1013 920 1261 985 aliquis'‘ex
1283 921 1412 970 turba
1435 919 1658 976 infernali,
1694 920 1794 968 haec
1814 918 1872 966 ad
1898 919 2090 967 multam
2115 918 2284 965 distan-

302 983 415 1031 tiam
440 984 623 1048 aufugit
645 1002 750 1033 cum
774 986 1062 1050 approximat
1087 989 1281 1042 bonum,
1316 986 1387 1033 seu
1411 985 1596 1050 angelus
1615 984 1694 1049 qui
1716 986 1762 1032 in
1785 986 1907 1032 bono
1924 985 1988 1032 est
2008 1006 2022 1040 3
2058 995 2109 1031 ut
2130 995 2285 1031 autem

301 1050 479 1099 bonum
502 1067 703 1114 pugnare
729 1055 861 1115 poffit
873 1067 976 1098 cum
993 1053 1122 1100 turba
1145 1052 1220 1100 illa
1238 1068 1345 1116 quae
1367 1052 1423 1098 ab
1447 1050 1621 1098 inferno
1643 1050 1763 1116 apud
1786 1051 2042 1107 hominem,
2077 1065 2126 1096 ac
2148 1048 2287 1098 tutari

302 1115 436 1163 illum
461 1120 590 1165 omni
618 1119 775 1174 niodo,
828 1131 926 1166 tum
951 1118 1086 1165 etiarn
1113 1119 1248 1165 tutari
1271 1117 1450 1180 spiritus
1473 1118 1551 1181 qui
1575 1128 1770 1164 recentes
1793 1132 1850 1164 ex
1874 1117 2052 1164 mundo
2072 1115 2284 1172 veniunt,

297 1193 350 1228 ut
366 1182 532 1229 &illos
554 1183 633 1248 qui
653 1184 699 1231 in
716 1196 829 1235 terra
847 1181 1055 1232 inferiore
1079 1184 1196 1240 sunt,
1230 1184 1327 1248 agit
1343 1185 1516 1231 bonurn
1537 1197 1616 1246 per
1633 1198 1815 1239 verum,
1850 1183 1909 1230 fic
1931 1184 2054 1230 enirn
2069 1182 2285 1246 approxi-

304 1263 426 1294 mare
452 1251 613 1311 potest.
686 1252 873 1313 Qanta
891 1250 1094 1313 potentia
1118 1250 1219 1297 insit
1242 1266 1369 1307 vero,
1403 1248 1602 1297 constare
1627 1248 1743 1296 mihi
1762 1249 1915 1312 potuit
1927 1249 1983 1296 ab
2009 1247 2092 1295 illis
2109 1262 2216 1311 quae
2233 1248 2284 1296 in

302 1313 441 1360 altera
482 1315 575 1361 vita
610 1315 764 1363 videre
798 1315 963 1363 datum‘
981 1316 1080 1372 est3
1130 1315 1323 1379 quidam
1346 1317 1428 1380 qui
1451 1317 1499 1362 in
1524 1316 1653 1365 Vero
1675 1315 1860 1363 naturali
1884 1314 1991 1370 fuit,
2046 1315 2152 1377 quia
2175 1329 2283 1362 cum

303 1377 419 1426 vixit
441 1381 488 1426 in
514 1381 689 1430 mundo
715 1379 859 1429 fuerat
881 1382 927 1429 in
944 1381 1103 1446 justo,
1133 1380 1169 1427 is
1192 1382 1322 1445 plura
1346 1380 1517 1429 inferna
1543 1380 1841 1444 pertransivit,
1876 1381 1925 1428 &
1946 1379 2051 1427 inde
2075 1379 2191 1427 mihi
2216 1379 2284 1427 lo·

302 1457 474 1508 quutus
497 1447 560 1493 est
583 1463 636 1494 ac
656 1446 730 1494 illa
753 1447 995 1511 descripsit,
1033 1448 1070 1495 is
1095 1447 1139 1494 in
1164 1447 1242 1496 tali
1263 1446 1463 1511 potentia
1484 1448 1539 1495 ὅτ’
1555 1446 1706 1495 valore
1726 1458 1830 1504 erat,
1874 1457 1926 1493 ut
1950 1445 2127 1509 spiritus
2149 1444 2290 1494 infer-

306 1511 424 1558 nales
443 1527 498 1558 ne
516 1512 662 1561 hilum
688 1514 863 1576 poffent
882 1513 1014 1561 illum
1033 1512 1252 1569 infestare,
1286 1513 1347 1560 fic
1366 1524 1416 1560 ut
1434 1524 1559 1561 tutus
1575 1513 1634 1560 ab
1651 1528 1741 1560 uno
1765 1514 1811 1559 in
1834 1512 2026 1559 alterum
2051 1511 2252 1559 transiret
2268 1531 2289 1566 ;

303 1576 431 1639 quod
457 1593 742 1642 nequaquam
766 1581 945 1642 poffunt
965 1578 1124 1635 facere,
1171 1578 1253 1642 qui
1278 1593 1369 1624 non
1396 1578 1442 1624 in
1463 1593 1579 1624 vero
1599 1576 1716 1626 sunt.
1788 1577 1863 1624 Ex
1887 1577 1956 1624 his
1979 1588 2117 1640 patet,
2152 1577 2285 1640 quod

301 1657 383 1705 per
407 1641 575 1691 sedebit
594 1645 637 1691 in
656 1645 811 1691 valido
832 1661 973 1702 arcus,
1026 1644 1296 1708 significetur
1319 1643 1447 1707 quod
1465 1655 1589 1690 tutus
1611 1658 1637 1690 a
1659 1659 1768 1691 vero
1789 1642 2009 1689 doctrinae
2029 1663 2044 1696 ·,
2079 1642 2206 1706 quod
2230 1643 2288 1690 fin

305 1724 332 1754 a
356 1724 462 1754 vero
488 1723 735 1773 pugnante,
787 1709 988 1774 sequitur
1008 1711 1067 1757 ab
1089 1709 1178 1756 illis
1198 1724 1304 1773 quae
1336 1707 1618 1772 praecedunt,
1651 1708 1777 1772 quod
1807 1706 2053 1769 jaculentur
2089 1710 2139 1756 ὅτ
2175 1707 2295 1757 odio.

307 1774 499 1821 habeant
521 1792 629 1823 eum
654 1774 883 1837 sagittarii.
1858 1776 1864 1782 ’

375 1840 520 1902 6424.
563 1842 626 1888 Et
649 1843 914 1891 roborantur
936 1843 1114 1892 brachia
1138 1843 1360 1892 riianuum
1385 1842 1495 1907 ejus,
1548 1842 1674 1907 quod
1699 1840 1916 1906 significet
1940 1839 2196 1904 potentiam
2220 1839 2290 1886 vi-

305 1904 426 1952 rium
451 1908 700 1970 pugnandi,
751 1909 922 1957 constat
944 1926 1000 1958 ex
1024 1910 1347 1974 significatione
1382 1908 1668 1957 brachiorum
1693 1909 1743 1956 ὅτ
1767 1923 2002 1963 manuum,
2054 1906 2179 1971 quod
2202 1905 2289 1954 sint

307 1974 543 2034 potentiae,
594 1975 650 2021 de
669 1990 760 2038 qua
785 1991 838 2021 n:
869 1979 979 2037 878.
1016 1975 1357 2039 309ιῇ3387.
1378 1992 1499 2039 4931
1524 1975 1580 2022 ad
1603 1988 1751 2039 4937.
1777 1989 1921 2038 5327.
1948 1977 2095 2035 5328.
2122 1987 2251 2034 5544
2271 1992 2297 2027 ς,

308 2038 434 2098 quod
459 2039 512 2086 fit
535 2042 738 2103 potentia
761 2041 930 2088 virium
965 2042 1220 2105 pugnandi,
1258 2042 1417 2104 liquet,
1453 2041 1559 2104 quia
1583 2041 1640 2087 de
1665 2055 1822 2104 pugna
1845 2039 2008 2102 agitur.

379 2103 524 2166 6425.
560 2107 609 2152 A
634 2107 843 2154 manibus
867 2109 1065 2170 potentis
1082 2108 1260 2167 jacobi,
1296 2108 1422 2171 quod
1449 2106 1670 2168 significet
1687 2107 1743 2153 ab
1761 2104 2109 2167 omnipotentia
2126 2102 2299 2151 Divini

313 2166 526 2217 Humani
567 2173 778 2228 Domini,
829 2173 1000 2220 constat
1025 2189 1051 2220 a
1076 2174 1400 2236 significatione
1438 2187 1680 2230 manuum,
1733 2172 1861 2235 quod-
1887 2170 1938 2218 fit
1961 2170 2183 2234 potentia,
2234 2170 2294 2216 de

310 2249 401 2296 qua
439 2252 550 2283 mox
582 2237 711 2302 supra
735 2254 792 2285 n:
819 2239 909 2298 642
920 2255 969 2298 4,
1020 2241 1069 2287 &
1095 2240 1140 2286 in
1164 2239 1377 2302 supremo
1412 2238 1553 2295 sensu,
1606 2239 1652 2285 in
1690 2253 1786 2301 quo
1810 2238 1866 2282 de
1890 2237 2098 2283 Domino
2122 2236 2309 2297 agitur,

310 2301 664 2364 omnipotentia,
717 2321 776 2351 n:
824 2307 932 2363 878.
982 2308 1126 2368 3387.
1174 2320 1319 2367 4592.
1370 2320 1496 2366 4933
1543 2303 1601 2358 f·,
1655 2305 1705 2352 ὅτ
1744 2319 1800 2350 ex
1841 2302 2174 2363 significatione
2208 2317 2294 2364 po·-

315 2367 450 2413 tentis
470 2368 649 2427 Jacobi,
697 2370 823 2434 quod
848 2371 901 2416 fit
924 2370 1152 2417 Divinum
1176 2369 1393 2417 Naturale
1416 2369 1629 2425 Domini,
1678 2372 1736 2417 ita
1759 2368 1987 2415 Divinum
2013 2370 2295 2416 Humanum

318 2430 476 2492 Ipsius,
516 2451 577 2482 n:
607 2439 743 2497 1893.
773 2451 915 2498 3305.
945 2436 1087 2497 3576.
1118 2451 1260 2501 3599.
1285 2437 1430 2495 4286.
1457 2439 1604 2498 4538.
1626 2436 1775 2498 6098.
1801 2434 1949 2494 6185.
1969 2434 2132 2495 6276:
2168 2433 2298 2497 quod

321 2496 553 2547 Dominus
572 2501 625 2547 sit
649 2501 747 2566 Qi
773 2516 851 2563 per
871 2502 1112 2549 Potentem
1138 2502 1362 2562 Jacobum
1386 2501 1668 2564 intelligitur,
1705 2513 1828 2563 patet
1847 2500 1982 2547 etiam
2008 2500 2132 2562 apud
2151 2498 2297 2546 Davi-

316 2561 425 2609 dem
478 2574 511 2595 “
536 2568 630 2630 Qi
640 2565 812 2630 juravit
832 2567 1042 2630 Jehovae,
1077 2570 1199 2615 vovit
1216 2568 1390 2616 Potenti
1406 2566 1578 2628 Jacobo,
1616 2567 1648 2613 si
1668 2567 1895 2613 intravero
1913 2565 2028 2612 intra
2046 2566 2310 2615 tentorium·

321 2627 490 2677 domus
526 2647 665 2689 meae,
716 2631 854 2695 usque
888 2633 1004 2680 dum>
1038 2633 1257 2680 invenero
1282 2632 1674 2691 locum'Jehovae,
1724 2631 1968 2680 habitacula
1998 2631 2188 2679 Patentis
2209 2630 2299 2691 Ja-

321 2694 454 2741 cobi’'
494 2697 667 2744 Psalm:
696 2713 894 2746 cxxxii:
923 2713 967 2746 2.
995 2715 1037 2761 3.
1065 2715 1110 2760 5.
1182 2699 1246 2746 Et
1279 2699 1399 2761 apud
1433 2697 1615 2745 Esaiam
1651 2705 1685 2727 “
1710 2698 1784 2745 Ut
1808 2698 1943 2744 sciant
1982 2697 2133 2744 omnis
2171 2710 2297 2755 care,

322 2761 448 2821 quod
469 2762 575 2825 Ego
593 2763 801 2825 Jehovah
822 2763 1024 2811 Salvator
1047 2776 1166 2819 tuus,
1200 2766 1253 2811 &.
1277 2763 1567 2826 Redemptor
1584 2777 1704 2811 tuus.
1769 2765 1925 2812 Potens
1947 2763 2081 2824 Jacob
2099 2762 2130 2781 ’⁹
2153 2776 2298 2808 xtix:

323 2825 403 2880 26,
473 2830 618 2889 Apud
643 2828 857 2877 Eundem
893 2838 926 2859 “
950 2829 1079 2877 Audi
1106 2829 1249 2889 Jacob
1273 2830 1395 2889 serve
1432 2829 1518 2886 mi,
1567 2831 1616 2877 δε
1653 2829 1781 2877 Israel
1805 2845 1943 2893 quem
1967 2827 2100 2890 elegi,
2150 2825 2300 2873 effun-

322 2888 433 2937 dam
451 2892 676 2954 Spiritum
697 2910 847 2941 meum
873 2894 1004 2959 super
1027 2894 1178 2943 semen
1205 2907 1351 2949 tuum,
1387 2896 1436 2942 &
1461 2895 1830 2943 benedictionem
1846 2910 1995 2942 meam
2021 2895 2150 2957 super
2170 2903 2302 2939 natos.

323 2966 424 3002 tuos
445 2977 458 3010 ;
494 2958 590 3006 Hic
613 2960 723 3007 dicit
747 2959 960 3022 Jehovae,
998 2959 1124 3024 Eg'o,
1167 2961 1224 3010 ἑὸ)
1245 2962 1291 3008 Is
1312 2960 1482 3008 vocabit
1504 2962 1557 3008 Se
1579 2962 1736 3009 nomine
1758 2960 1928 3022 Jacobi,
1964 2960 2014 3007 &
2037 2958 2117 3006 Ille
2139 2956 2301 3005 scribet

322 3037 459 3068 manu
484 3021 555 3069 sua
581 3025 794 3087 Jehovae,
828 3027 1053 3074 &nomine
1071 3028 1242 3087 Israelis
1264 3026 1565 3090 cognominabit
1587 3026 1680 3073 δι”
1717 3042 1862 3073 xmv:
1894 3044 1934 3073 1.
1966 3040 2008 3072 2.
2038 3037 2082 3084 5.
2153 3022 2302 3085 Quod

318 3088 455 3134 etiam
475 3088 602 3135 Israel
626 3090 669 3137 in
694 3091 909 3153 supremo
924 3091 1048 3139 sensu
1067 3093 1120 3140 fit
1138 3093 1384 3148 Dominus,
1419 3092 1542 3154 apud
1563 3091 1826 3140 Hoschearn
1862 3098 1904 3120 “
1921 3089 2040 3136 Cum
2061 3104 2174 3152 puer
2192 3089 2304 3137 effe&

319 3153 471 3213 Israel,
505 3166 611 3204 tunc
627 3159 778 3207 amavi
795 3156 946 3219 illum,
983 3158 1033 3208 δε
1058 3172 1119 3208 ex
1139 3158 1349 3226 AEgypto
1369 3156 1694 3229 yogayiiilium
1717 3154 1926 3227 mqgffl’}
1960 3170 2013 3223 ξι
2032 3172 2051 3225 3
2072 3172 2100 3225 μ14
2124 3175 2142 3213 3
2173 3154 2308 3268 quffl

2258 3230 2299 3273 it
