2606 3646
385 167 521 232 128όῖ
598 213 602 216 -
723 167 779 233 (2
923 165 989 234 ,ΖΞ
1123 166 1211 235 int
1314 167 1408 261 ηΕ
1538 167 1591 243 ἑῗ
1723 161 1768 234 Αἵ
1898 167 1959 235 §z
2029 247 2033 250 ,
2094 244 2096 247 ,
2241 201 2299 250 ,κ

386 304 506 345 rum,
541 291 719 340 Genes:
748 307 800 338 νι
825 309 836 338 z
870 307 956 351 15:
994 304 1095 338 tum
1120 294 1247 356 quod
1275 293 1484 340 Trecenti
1510 295 1608 341 Viri
1629 294 1780 349 essent,
1817 308 1894 356 per
1909 308 2023 356 quos
2042 292 2221 342 Gideon
2241 302 2345 359 per-³

387 368 560 403 cureret
582 357 866 412 Medianem‚
890 358 946 403 cle
965 358 1130 419 quibus
1151 360 1201 403 inv
1214 359 1358 404 Libro
1376 358 1593 416 Judicum
1631 367 1663 387 “
1688 359 1797 405 Erat
1813 373 2023 405 numerus
2043 359 2342 409 lambentium

387 421 438 465 in
466 437 598 468 manu
626 422 699 468 sua
721 423 775 467 ad
799 437 848 467 os
880 421 1025 475 suum,
1077 421 1267 468 Trecenti
1289 425 1411 469 viri:
1445 423 1560 470 dixit
1582 423 1795 484 Jehovah
1828 423 2104 480 Gideonem,
2140 441 2218 487 per
2243 425 2344 472 Tre·

389 496 527 533 ,centos
547 490 682 541 viros,
718 488 797 548 qni
821 486 999 532 fuerunt
1035 486 1295 540 lambentes,
1332 486 1449 532 dabo
1485 487 1745 534 Midianem
1768 488 1812 535 in
1837 503 2023 535 manum
2047 502 2188 536 tuam.
2261 491 2346 537 Di·

397 550 497 595 visit
532 552 711 598 Gideon
749 550 963 597 Trecentos
981 553 1113 605 *viros
1138 549 1186 596 'in
1223 554 1312 598 tria
1343 554 1530 612 agmina,
1581 553 1631 599 1&
1665 553 1794 598 dedit
1831 552 2064 600 buccinam
2088 554 2132 600 in
2158 570 2342 603 manum

393 614 743 678 uniuscujusque
778 631 953 670 eorum,
1013 616 1062 661 ὅτ
1098 616 1278 676 hydrias
1314 631 1490 670 vacuaS,
1548 618 1598 663 δε
1635 615 1749 662 faces
1795 617 1840 662 in
1880 618 2038 663 medio
2067 619 2342 680 hydriarum.

396 680 516 725 Cum
535 681 788 740 clangerent
805 681 1015 726 Trecentis
1033 680 1230 735 buccinis,
1266 680 1415 746 ¹posuit
1433 681 1641 742 Jehovah
1666 681 1869 742 gladium
1894 681 1979 727 viri
2002 695 2158 730 contra
2177 685 2348 732 socium

391 745 531 800 illius,
568 747 616 792 δε
639 759 790 792 contra
814 744 1014 790 universa
1038 745 1213 791 castra'’
1249 761 1303 792 vl
1326 763 1338 791 1
1365 762 1375 791 :
1398 747 1446 794 6.
1474 757 1516 804 7.
1543 749 1586 791 8.
1615 746 1686 793 16.
1713 761 1792 800 22,
1836 761 1915 808 per
1947 747 2197 796 Trecentos
2229 750 2350 797 viros

397 810 460 855 ibi
484 812 618 856 etiam
643 810 916 870 significatur
939 810 1124 871 plenum
1149 824 1198 858 ut
1220 825 1404 873 quoque
1429 826 1507 873 per
1532 810 1614 856 tria
1645 810 1845 872 agmina,
1876 813 1925 858 in
1948 826 2055 872 quae
2076 814 2259 862 trecenti
2284 814 2350 862 illi

391 874 681 928 *divili‘sunt3
718 875 764 920 &
790 890 870 938 per
885 886 1068 921 centum
1104 876 1183 937 qui
1208 888 1299 921 erat
1340 890 1551 921 numerus
1589 874 1777 938 cujusvis
1815 877 2028 938 agminis,
2075 877 2350 940 fignificatur

396 940 600 987 multum
624 955 674 986 ac
696 939 813 995 satiS,
853 938 1180 1002 consequenter
1198 940 1323 1003 quod
1348 939 1594 987 sufficerent
1616 953 1768 987 contra
1791 941 2050 988 Midianem
2072 959 2083 988 ε
2119 955 2351 1005 praeterea,

399 1005 757 1068 repraesentativa
780 1015 904 1050 erant
937 1005 1090 1050 omnia
1127 1004 1218 1061 illa,
1270 1020 1435 1066 nempe
1459 1005 1585 1068 quod
1612 1005 1790 1052 affumti
1813 1007 1894 1069 qui
1919 1007 2165 1055 lamberent
2187 1024 2350 1072 aquam

399 1070 445 1115 in
472 1085 608 1117 manu
630 1091 643 1123 ·‚
678 1069 805 1132 quod
825 1069 1010 1116 baccina
1025 1069 1265 1132 unicuique
1287 1091 1300 1123 3
1335 1071 1462 1132 quod
1490 1071 1533 1115 in
1560 1069 1735 1130 hydriae
1759 1071 1804 1116 in
1826 1071 1990 1133 quibus
2014 1070 2129 1118 faces
2150 1093 2163 1126 ς
2199 1075 2249 1121 &
2267 1075 2354 1121 hoc

401 1134 509 1196 quia
534 1150 613 1197 per
634 1134 914 1190 Midianem,
965 1147 1116 1181 contra
1151 1150 1292 1196 quem
1317 1133 1448 1187 irent,
1484 1134 1879 1195 repraesentabatur
1909 1151 2066 1183 verum
2098 1139 2224 1200 quod
2260 1155 2355 1186 non

402 1215 580 1254 verum,
615 1200 721 1262 quia
745 1214 835 1246 non
849 1199 1021 1245 bonum
1043 1200 1152 1244 vitae
1173 1219 1187 1252 ς
1222 1198 1296 1244 sed
1320 1198 1378 1244 de
1403 1198 1585 1259 lingulis
1605 1199 1688 1256 his,
1725 1214 1783 1246 ex
1802 1199 1977 1247 Divina
2000 1201 2194 1249 Domini
2217 1202 2356 1251 Mise-

401 1264 610 1320 ricordia,
646 1264 752 1311 alibi
775 1285 790 1318 ;
824 1264 950 1327 quod
974 1263 1151 1312 numeri
1175 1263 1310 1311 etiarn
1336 1263 1683 1325 repraesentativi
1719 1264 1900 1321 fuerint,
1934 1278 2058 1328 patet
2078 1282 2135 1314 ex
2156 1267 2358 1331 'pluribus

403 1329 498 1376 a‘li‘rs
520 1328 643 1384 lociS,
679 1341 732 1376 ut
754 1330 878 1392 quod
903 1330 1087 1392 Septem
1111 1329 1229 1392 apud
1254 1327 1500 1391 Joschuam
1522 1345 1627 1377 curn
1652 1343 1858 1391 caperent
1881 1328 2214 1392 Jerichuntem‚
2251 1334 2371 1381 tunc‘

406 1394 531 1441 enim
568 1395 854 1450 mandatum,
890 1407 944 1441 ut
966 1397 1128 1456 Septem
1142 1394 1394 1455 sacerdotes
1415 1407 1645 1458 portarent
1677 1396 1837 1455 Septem
1862 1395 2051 1444 buccinas
2066 1396 2360 1456 jubilantium

396 1475 556 1508 -coram
579 1475 704 1506 arca:
739 1459 867 1523 quod
886 1459 958 1506 ⁴die
969 1461 1104 1521 fhptio
1127 1460 1417 1506 circumirent
1439 1462 1596 1508 urbem
1609 1463 1766 1522 septem
1786 1460 1948 1508 vicibus
1963 1460 1996 1479 '⁹
2035 1463 2133 1525 Cap
2153 1480 2169 1509 .·
2195 1478 2246 1509 vt
2272 1480 2283 1510 :
2307 1482 2377 1523 4..

472 1525 615 1589 5956.
652 1524 716 1571 Et
746 1525 948 1587 quinque
980 1525 1244 1571 mutatorias
1268 1524 1422 1580 vestes,
1457 1526 1579 1588 quod
1605 1525 1822 1587 fignificet
1846 1524 2045 1572 multum
2070 1527 2164 1574 veri
2187 1529 2213 1573 e
2237 1542 2362 1577 natu-

405 1590 503 1646 rali,
538 1589 709 1637 constat
730 1604 786 1636 ex
808 1588 1129 1652 significatione
1151 1589 1370 1652 quinque,
1387 1589 1534 1653 squod
1559 1588 1641 1636 lint
1666 1589 1881 1645 multum,
1915 1590 1973 1636 de
1995 1607 2083 1653 qua
2106 1608 2135 1638 n
2156 1609 2167 1638 :
2194 1599 2318 1656 5708
2340 1615 2359 1648 ,ς

353 1657 357 1662 ’
404 1656 458 1702 ὅτ
479 1669 535 1700 ex
555 1654 884 1718 significatione
901 1655 1247 1702 mutatoriarum
1265 1654 1492 1711 vestium,
1512 1655 1633 1717 quod
1653 1655 1734 1702 fint
1749 1669 1851 1702 vera
1869 1654 2038 1702 initiata
2056 1657 2176 1704 bono
2196 1678 2210 1712 ;
2233 1660 2363 1721 quod

409 1735 435 1766 e
459 1720 665 1775 naturali,
699 1719 761 1766 est
784 1721 890 1784 quia
921 1719 1080 1766 Vestes
1113 1719 1415 1782 praedicantur
1437 1719 1494 1764 de
1516 1719 1743 1771 Naturali.
1808 1720 1955 1780 Quod
1994 1721 2169 1768 Verum
2193 1739 2215 1770 e
2235 1733 2364 1772 natu·-

408 1785 499 1832 rali
520 1785 626 1832 esset
648 1785 829 1841 Medio,
862 1785 987 1849 quod
1011 1784 1347 1846 repraesentatur
1370 1799 1451 1847 per
1471 1782 1800 1847 Benjam'inem,
1835 1783 1916 1840 est,
1949 1787 2056 1847 quia
2075 1798 2129 1851 u‘t
2143 1786 2375 1837 Medium.

410 1851 483 1907 fit,
520 1850 667 1897 trahet
701 1850 756 1897 ab
788 1850 987 1905 Interno,
1021 1850 1071 1896 δε
1105 1850 1161 1895 ab
1195 1849 1414 1905 Externo‚
1450 1865 1510 1896 n:
1538 1852 1699 1911 58223
1734 1849 1859 1914 quod
1881 1850 1937 1897 ab
1960 1851 2161 1907 Interno,
2196 1851 2366 1900 intelli-

378 1915 537 1978 'gitur
559 1930 635 1977 per
657 1914 782 1979 quod
821 1915 987 1961 Medio
1021 1914 1207 1976 plenum
1232 1914 1325 1961 veri
1348 1930 1405 1961 ex
1424 1915 1565 1970 bono,
1600 1915 1727 1978 quod
1757 1914 2029 1976 significatur
2052 1931 2137 1979 per.
2147 1927 2367 1965 trecentos

412 1980 605 2041 argenti,
640 1980 696 2027 de
719 1980 883 2044 quibus
919 1995 1028 2026 mox
1061 1979 1192 2042 supra
1215 1995 1242 2025 n
1264 1995 1275 2025 z
1301 1994 1427 2041 5955
1451 2001 1464 2034 ;
1499 1979 1621 2043 quod
1651 1980 1708 2027 ab
1732 1979 1953 2036 Extern0,
1991 1980 2259 2042 intelligitur
2284 1998 2367 2047 ,per

414 2045 613 2093 multum
636 2046 730 2092 veri
754 2061 778 2090 e
803 2044 1003 2100 naturali,
1037 2045 1162 2106 quod
1183 2043 1454 2107 significatur
1475 2060 1554 2107 per
1577 2045 1779 2110 quinque
1804 2046 2065 2092 mutatorias
2087 2048 2244 2096 vestes·
2300 2100 2302 2102 v

482 2125 625 2172 5957.
661 2110 723 2158 Et
747 2112 860 2173 patri
884 2109 963 2156 suo
987 2109 1106 2156 misit
1122 2121 1173 2156 ut
1191 2109 1293 2165 hoc,
1327 2110 1451 2173 quod
1472 2110 1689 2171 significet
1712 2109 1820 2173 quid
1839 2111 1981 2174 ,gratis
2002 2111 2223 2159 donatum
2238 2112 2369 2162 ,bono

415 2175 652 2238 spirituali,
686 2175 857 2222 constat
878 2190 934 2221 ex
960 2174 1343 2236 repraesentatione
1366 2175 1549 2233 IsraeliS,
1585 2178 1668 2239 qui
1692 2174 1765 2222 hic
1793 2189 1929 2238 pater,
1963 2177 2088 2239 quod
2111 2178 2166 2224 fit
2187 2178 2366 2227 Bonum

417 2241 641 2305 spirituale
661 2256 683 2286 e
702 2239 907 2296 naturali,
930 2253 980 2286 ut
997 2256 1047 2285 n:
1069 2243 1210 2299 5801.
1232 2244 1373 2303 5803.
1394 2241 1535 2301 5‘806.
1559 2244 1702 2300 5812,
1723 2244 1866 2304 5817.
1887 2245 2030 2306 5819.
2051 2242 2194 2302 5826.
2213 2247 2333 2306 5833
2353 2264 2369 2297 ς

405 2309 468 2353 .&
491 2322 546 2352 ex
579 2306 902 2367 significatione
940 2304 1139 2360 mittere,
1175 2306 1300 2367 quod
1325 2305 1375 2351 fit
1399 2305 1536 2367 gratis
1559 2306 1759 2362 donare3
1793 2321 1931 2352 omne
1959 2306 2086 2354 enim
2121 2309 2245 2371 quod
2288 2325 2368 2371 per

413 2373 651 2420 ‘Internum
688 2370 835 2417 influit
857 2385 880 2416 a
904 2371 1113 2416 Domino
1137 2370 1180 2416 in
1205 2369 1474 2425 Externum,
1523 2371 1595 2417 seu
1629 2370 1673 2416 in
1706 2371 1938 2427 Naturale,
1983 2371 2119 2418 etiam
2154 2373 2282 2437 quod
2322 2373 2370 2421 in

419 2438 596 2485 Bonum
617 2435 879 2498 spiriturale,
915 2434 1040 2498 quod
1060 2434 1204 2490 Israel,
1223 2436 1327 2497 quia
1344 2435 1429 2481 hoc
1446 2434 1509 2481 est
1525 2451 1550 2482 e
1567 2435 1772 2493 naturali,
1807 2436 1946 2497 gratis
1962 2436 2152 2497 donatur
2167 2456 2183 2484 .-
2217 2437 2372 2501 postu·

421 2504 481 2549 lat
518 2500 707 2564 'quidem
749 2501 976 2548 Dominus
1011 2499 1389 2556 humiliationem,
1420 2500 1749 2557 adorationem,
1790 2504 2033 2564 gratiarum
2071 2502 2284 2560 actiones,
2318 2503 2370 2550 δε

421 2569 550 2629 plura
574 2567 628 2612 ab
650 2567 849 2620 homine,
884 2582 991 2629 quae
1022 2576 1238 2627 apparent
1261 2565 1372 2612 ficut
1400 2565 1794 2621 remunerationeS,
1828 2582 1879 2614 ac
1904 2567 1965 2615 ita
1987 2583 2076 2615 non
2094 2569 2260 2630 gratis3
2294 2566 2369 2614 sed

423 2632 658 2680 Dominus
682 2647 770 2678 non
793 2630 984 2694 postulat
1002 2629 1072 2676 illa
1092 2629 1152 2675 sui
1174 2630 1318 2686 causa,
1356 2646 1462 2678 nam
1477 2631 1586 2678 nihil
1602 2632 1761 2691 gloriae
1778 2631 1952 2679 Divino
1969 2649 2025 2679 ex
2042 2633 2370 2688 humiliatione,

420 2697 693 2750 adoratione,
728 2698 777 2744 &
798 2695 1038 2757 gratiarnm
1056 2694 1234 2741 actione
1252 2695 1451 2742 hominis
1472 2717 1485 2749 ς
1510 2698 1555 2743 in
1576 2697 1753 2744 Divino
1772 2697 1948 2760 prorsus
1965 2713 2055 2744 non
2073 2697 2372 2759 conceptibile

361 2808 365 2813 f
415 2763 484 2808 est
506 2761 675 2825 aliquid
702 2763 862 2807 amoris
883 2760 965 2816 sui,
1001 2771 1051 2806 ut
1074 2772 1256 2822 propter
1276 2759 1315 2806 st:
1338 2760 1440 2807 talia
1465 2761 1591 2816 fiant,
1627 2777 1789 2809 verum
1810 2761 1910 2811 sunt
1925 2774 2103 2825 propter
2122 2760 2267 2824 ipsum
2288 2761 2370 2809 ho-

423 2832 612 2881 minem,
647 2842 751 2873 cum
778 2828 901 2872 enim
926 2826 1068 2871 homo
1103 2825 1147 2870 in
1183 2825 1498 2872 humiliatione
1521 2825 1600 2882 est,
1636 2839 1745 2874 tunc
1768 2827 1912 2890 potest
1937 2821 2126 2890 recipere
2152 2826 2321 2874 bonum
2346 2844 2373 2875 a

419 2892 651 2947 Domino,
691 2907 793 2937 nam
829 2904 935 2937 tunc
969 2890 1185 2951 separatus
1215 2890 1279 2936 est
1300 2890 1356 2937 ab
1378 2905 1531 2937 amore
1557 2891 1617 2938 sui
1643 2894 1692 2939 δε
1722 2890 1813 2951 eius
1837 2891 1980 2947 malis,-
2021 2906 2125 2954 quae
2160 2891 2374 2947 obstant5

416 2956 933 3020 quapropter‘Dominus
965 2954 1593 3018 humiliationisstatumapud
1621 2957 1852 3004 hominem
1872 2954 2234 3017 vultejus'causa‚
2269 2958 2376 3022 quia

417 3039 524 3066 cnm
554 3021 693 3068 homo
717 3023 761 3068 in
788 3021 863 3067 illo
883 3020 993 3066 statu
1017 3020 1096 3074 est,
1133 3020 1279 3082 potest
1303 3021 1528 3068 Dominus
1548 3022 1727 3069 influere
1744 3037 1850 3068 curn
1871 3022 1993 3070 bono
2014 3020 2180 3070 coelesti
2202 3040 2212 3069 ε
2249 3023 2372 3070 fimi-

414 3089 519 3135 ἐκει-
542 3087 577 3133 se
595 3088 733 3135 ,hibet
758 3101 862 3135 cum
887 3085 1148 3136 adoratione
1166 3079 1214 3133 ec
1238 3101 1343 3135 cum
1363 3086 1615 3151 gratiarum
1640 3086 1826 3138 anione.
2041 3084 2046 3088 ’

2224 3155 2368 3217 5958-
