2606 3646
0 0 354 58 WssQff-..nu
366 0 384 13 ,ἡ
402 6 404 9 ,

118 71 146 94 ·
162 108 166 111 .

121 103 140 129 Ι
201 112 212 125 ε

267 194 583 293 CAPUT
617 170 1484 325 QUADRAGESIMUM
1526 170 2003 290 TERTIUM.
2097 227 2233 316 189

237 361 362 402 rum,
382 345 459 410 'de
489 326 580 408 qua
601 357 664 390 n:
693 323 1029 407 1351.-2§543
1065 344 1192 408 quod
1228 359 1470 406 argentum
1506 325 1668 393 eorum
1698 333 1869 392 venerit
1891 344 1950 392 ad
1974 345 2124 403 illum,
2161 348 2228 395 est

237 411 600 479 quodemfflnt,
637 408 850 474 ita'quod
883 409 967 472 ipfi
989 410 1500 478 comparaverintlibi3
1535 427 1688 460 emere
1711 413 1834 459 enim
1859 410 1925 459 est
1945 428 2228 475 comparare,

239 476 456 542 ¹¹.²;·55=55
478 497 496 530 ·,
528 474 638 523 inde
670 474 752 533 est,
787 477 913 540 quod
938 491 1019 540 per
1040 488 1288 540 argentum
1327 477 1530 526 vestrum
1562 478 1693 527 venit
1722 478 1779 525 ad
1817 495 1908 534 me,
1952 478 2237 542 significetur

183 569 195 590 2
237 558 398 592 verum
434 554 751 606 comparatum
774 546 830 590 ab
854 542 976 598 illis;
1012 555 1063 591 at-
1081 546 1186 608 quia
1207 548 1392 602 verum,
1429 545 1557 609 quod
1582 545 1707 601 fidei,
1745 545 1966 610 nusquam
1991 562 2228 609 compara-

236 621 312 658 tur
333 607 390 656 ab
406 608 562 674 aliquo
578 609 782 666 homine,
818 609 893 657 sed
917 609 1169 658 infinuatur
1190 611 1239 658 δε
1265 611 1398 667 datur
1421 627 1446 659 a
1466 612 1691 668 Domino,
1727 612 1778 660 ὅτ
1801 625 1952 659 tamen
1972 612 2152 661 videtur
2177 615 2231 662 fi-

231 672 313 724 cut
346 675 406 723 ab
440 675 647 732 homine,
670 676 865 734 dicitur,
901 677 1028 742 quod
1066 676 1288 726 videbitur
1320 678 1434 726 ficut
1472 693 1634 726 verum
1666 689 1985 741 comparatum
2025 681 2082 726 ab
2123 681 2233 729 illis,

237 741 387 809 Qod
410 757 572 789 verum
596 743 840 791 insinuetur
861 743 912 791 ὅτ
933 744 1069 791 detur
1089 759 1114 790 a
1133 743 1364 802 Domino,
1400 743 1540 793 etiarn
1557 745 1605 791 in
1625 744 1824 792 Ecclefia
1847 759 2010 793 notum
2031 746 2111 803 est,
2147 747 2232 794 do-

232 822 358 856 cetur
374 809 501 857 enim
519 810 646 874 quod
670 809 784 858 fides
807 825 900 859 non
919 810 973 858 fit
985 811 1043 858 ab
1060 809 1250 858 homine
1268 810 1345 858 sed
1361 826 1387 858 a
1404 811 1527 868 Deo,
1562 812 1625 859 ita
1644 827 1735 859 non
1760 811 1909 859 solum
1932 813 2230 871 confidentia,

232 874 463 923 sedetiam
487 891 610 932 vera,
644 892 755 941 quae
778 874 919 932 fidei';
954 889 1145 942 apparet
1177 889 1331 926 tamen
1354 876 1515 943 usque,
1550 878 1678 942 quod
1702 893 1811 926 vera
1833 895 1942 943 quae
1967 875 2073 927 fidei
2098 896 2228 929 com-

233 955 450 1006 parentur
472 942 531 990 ab
561 942 784 998 homine3
819 943 946 1007 quod
988 944 1199 999 influant,
1234 944 1325 992 alte
1367 945 1550 1007 ignorat
1581 944 1689 1009 quia
1711 962 1806 994 non
1839 941 2067 1009 percipit3
2103 947 2230 994 causa.

233 1009 363 1073 quod
396 1024 490 1056 non
512 1009 751 1072 percipiat,
788 1009 852 1056 est
879 1009 986 1075 quia
1015 1010 1162 1058 clausa
1185 1010 1290 1059 sunt
1311 1009 1408 1075 ejus
1431 1011 1663 1069 interiora,
1699 1025 1752 1059 ut
1775 1019 1866 1060 tion
1886 1013 2236 1076 perceptibilem

230 1075 711 1124 communicationem
721 1076 857 1140 poffit
875 1076 1036 1126 habere
1053 1082 1167 1125 cum*
1182 1076 1410 1141 spiritibus
1431 1079 1482 1127 ὅτ
1500 1079 1690 1140 angelis,
1727 1079 1801 1126 illa
1819 1094 1930 1126 cum
1949 1078 2092 1127 clausa
2111 1079 2236 1137 sunt,

231 1142 380 1202 homo
401 1141 515 1190 nihil
540 1142 800 1207 prorsus-de
823 1143 1005 1192 influxu
1029 1144 1137 1191 scire
1159 1144 1326 1207 potest.
1397 1145 1466 1192 At
1489 1145 1758 1203 sciendum,‘
1776 1146 1899 1209 quod
1924 1146 2048 1210 aliud
2072 1146 2127 1194 fit
2150 1141 2232 1193 ve-¹

229 1220 281 1257 ra
303 1208 412 1256 fidei
436 1207 561 1266 scire,
597 1209 798 1257 &aliud
822 1225 925 1259 vera
946 1210 1057 1258 fidei
1079 1211 1294 1267 credere3
1330 1211 1409 1275 qui
1436 1227 1539 1260 vera
1577 1211 1686 1259 fidei
1721 1213 1865 1260 modo
1899 1212 2060 1268 sciunt,
2099 1213 2129 1260 ii
2156 1213 2234 1260 illa

234 1275 479 1323 memoriae
503 1275 671 1324 indunt
693 1276 807 1325 ficut
831 1293 899 1323 res
921 1277 1029 1325 alias
1054 1293 1163 1342 quae
1189 1276 1380 1341 alicujus
1404 1277 1603 1325 scientiae
1626 1277 1742 1335 sunt,
1789 1279 1889 1326 haec
1910 1279 2062 1343 potest
2085 1279 2231 1328 horno
2247 1276 2257 1282 ”

236 1341 318 1390 fibi
343 1358 604 1406 comparare
627 1343 795 1407 absque
808 1344 884 1390 tali
911 1344 1108 1401 influxu,
1145 1343 1222 1390 sed
1240 1360 1345 1392 vera
1369 1344 1444 1391 illa
1464 1361 1556 1392 non
1575 1344 1924 1410 vitam'habenss
1943 1358 2011 1393 vut
2029 1359 2151 1409 patet
2173 1363 2237 1394 ex

230 1424 307 1466 eo,
343 1404 485 1474 quod‘
511 1409 657 1458 homo
679 1410 842 1466 maluS,
877 1410 1016 1458 etiarn
1050 1411 1284 1474 peffirnus,
1320 1427 1456 1474 aeque
1478 1412 1616 1475 poffit
1639 1410 1746 1458 scire
1778 1427 1889 1459 vera
1912 1411 2038 1469 fidei,
2075 1428 2125 1460 ac
2148 1413 2234 1460 ho-

232 1491 318 1523 mo
341 1476 512 1540 probus
536 1478 586 1525 δῑ
605 1477 708 1539 pius
729 1498 754 1531 3
779 1475 854 1535 sed
890 1475 1017 1541 apud
1042 1476 1205 1533 malm,
1241 1488 1295 1524 ut
1315 1477 1514 1534 dietum,
1549 1477 1692 1527 vitam
1717 1493 1810 1526 non
1835 1477 2021 1535 habent,
2059 1495 2169 1527 cum
2186 1497 2240 1528 e-

230 1543 330 1590 nim
353 1540 565 1606 producit
598 1543 691 1599 illa,
728 1555 836 1594 nunc
867 1543 1039 1607 spectat
1072 1543 1118 1590 in
1138 1543 1328 1605 singulis
1349 1543 1426 1590 vel
1447 1543 1514 1597 sui
1543 1543 1756 1607 gloriam,
1791 1544 1866 1592 vel
1891 1544 2088 1601 lucrum,
2125 1547 2239 1594 inde

231 1607 298 1656 est
320 1624 452 1656 amor
470 1607 537 1656 sui
561 1611 612 1658 ὅτ
635 1610 817 1668 mundi,
852 1611 932 1674 qui
953 1609 1197 1667 insufflant,
1234 1611 1285 1658 δε
1301 1608 1472 1658 faciunt
1495 1610 1619 1676 quafi
1641 1611 1803 1668 vitam,
1840 1611 1915 1659 sed
1938 1614 2035 1660 vita
2059 1612 2135 1660 illa
2159 1613 2231 1661 est

229 1673 465 1738 'qualis'est
489 1676 536 1723 in
561 1676 755 1734 inferno,
790 1693 904 1742 quae-
928 1693 1053 1728 mors
1074 1676 1318 1743 spiritualis
1351 1688 1574 1733 vocatur;
1622 1677 1732 1726 inde
1760 1677 1844 1736 est,
1879 1693 1987 1727 cum
2011 1680 2232 1743 producit

230 1742 324 1799 illa,
360 1742 488 1808 quod
512 1759 570 1790 ex
594 1745 814 1792 memoria
836 1743 1059 1808 Producat
1091 1744 1170 1792 illa
1193 1760 1287 1792 non
1319 1755 1474 1792 autem
1499 1760 1556 1792 ex
1577 1744 1747 1792 corde}
1783 1757 1830 1794 at
1853 1747 1938 1809 qui
1963 1746 2106 1793 credit
2126 1762 2237 1794 vera

147 1832 150 1834 ·
230 1809 358 1865 fidei,
396 1811 432 1858 is
454 1825 511 1856 ex
533 1811 668 1859 corde
692 1811 768 1858 illa
791 1811 1007 1874 producit
1026 1827 1135 1859 cum
1165 1827 1223 1859 ex
1244 1827 1342 1868 ore,
1379 1811 1482 1859 sunt
1504 1812 1630 1861 enim
1654 1811 1778 1876 apud
1813 1812 1949 1860 illum
1990 1829 2091 1860 vera
2121 1813 2238 1861 fidei

231 1877 295 1924 ita
317 1875 530 1932 radicata,
565 1890 617 1925 ut
640 1877 838 1926 radicem
863 1877 1056 1926 habeant
1081 1878 1125 1925 in
1147 1880 1369 1926 memoria
1392 1890 1595 1936 externa,
1630 1880 1681 1928 δε
1705 1877 1812 1926 inde
1841 1879 1994 1927 versus
2017 1879 2233 1928 interiora

234 1942 312 2008 seu
332 1943 557 2006 superiora
579 1944 793 2001 crescant,
829 1944 942 1993 ficut·
960 1946 1138 1993 arbores
1156 1944 1408 2007 frugiferae,
1445 1946 1495 1993 &
1518 1944 1706 2010 quoque
1731 1946 1841 1994 sicut
1864 1948 2041 1994 arbores
2064 1960 2237 1995 ornant·

232 2007 437 2067 sefolfis,
474 2010 525 2057 &s
550 2012 733 2060 tandem
758 2011 960 2068 floribus,
995 2025 1183 2077 propter
1201 2013 1344 2061 finem
1368 2025 1419 2060 ut
1443 2012 1614 2060 fruetus
1638 2012 1814 2061 ferant:
1850 2015 1912 2061 ita
1931 2014 2074 2062 homo
2108 2014 2236 2072 talis,

233 2075 308 2137 hic
325 2072 519 2142 quoque
530 2093 611 2142 per
631 2094 738 2126 vera
761 2078 869 2127 fidei
893 2077 1007 2126 nihil
1036 2079 1161 2128 aliud
1197 2079 1412 2137 intendit,
1448 2097 1591 2145 quam
1623 2082 1744 2137 usuS,
1781 2082 1867 2145 qui
1892 2081 1996 2128 sunt
2019 2082 2234 2128 exercitia

232 2142 479 2203 charitatis,
500 2161 621 2208 vquae
638 2143 678 2192 ei
698 2147 796 2193 sunt
813 2144 987 2210 fructus'
1007 2168 1021 2200 ·,
1055 2146 1275 2195 haecffint
1290 2144 1398 2211 quae
1417 2148 1558 2195 homo
1576 2148 1655 2195 fibi
1678 2164 1768 2195 non
1791 2163 2055 2212 comparare
2068 2147 2237 2211 potest,

231 2224 292 2258 ne
307 2211 493 2275 quidem
513 2212 784 2270 minimum,
811 2212 883 2259 sed
900 2228 925 2259 3
943 2214 1152 2261 Domino
1170 2213 1367 2275 eigratis
1385 2214 1630 2270 donantur,
1651 2216 1701 2263 δε
1717 2215 1804 2262 hoc
1814 2216 2001 2278 singulis
2016 2231 2238 2262 momen-

233 2277 292 2324 tis
314 2278 425 2326 vitae
442 2277 550 2342 ejus,
575 2279 683 2327 imo
701 2279 924 2327 ficredere
941 2280 1074 2338 velit,
1101 2281 1295 2342 *fingulis
1320 2283 1567 2329 momentis
1594 2282 1955 2329 innumerabillia
1977 2303 1990 2335 ;
2026 2282 2099 2328 sed
2119 2284 2229 2346 quia

233 2344 379 2391 horno
399 2343 499 2392 talis
538 2346 619 2403 est,
654 2346 710 2394 u't
731 2348 1024 2411 perceptione
1047 2348 1177 2412 quod
1230 2348 1423 2395 influant
1458 2342 1617 2417 careat,
1657 2349 1685 2395 fi
1721 2348 1844 2396 enim
1882 2349 2239 2412 perceptionem*

233 2408 432 2468 haberet,
468 2412 723 2470 rebellaret,
759 2413 874 2461 ficut
893 2413 1021 2476 supra
1038 2415 1236 2471 dictum,
1272 2415 1380 2479 quia
1401 2416 1605 2463 crederet
1628 2416 1755 2480 quod
1777 2428 1886 2461 tunc
1909 2415 2138 2473 amitteret
2157 2416 2239 2462 su-

234 2476 597 2542 um‘propriurn,
634 2481 685 2528 ὅτ
705 2481 1028 2544 cum'proprio
1045 2482 1176 2529 suum
1197 2482 1412 2539 liberum,
1448 2484 1625 2530 &cum
1644 2483 1786 2530 libero
1806 2481 2230 2544 suumjucundum,

235 2559 286 2590 ac
301 2544 360 2591 ita
377 2545 507 2593 nih-ili
527 2547 679 2604 fieret‚'
707 2547 811 2595 ideo
828 2549 882 2594 fit
901 2560 952 2595 ut
970 2548 1114 2596 homo
1133 2564 1225 2594 non
1262 2549 1367 2595 sciat
1388 2547 1510 2595 aliud
1528 2564 1670 2611 quam
1695 2549 1822 2612 quod
1842 2564 1867 2594 a
1886 2549 1927 2595 se
1951 2570 1966 2602 ;
2002 2547 2090 2595 hoc
2107 2564 2237 2595 nune

231 2609 312 2667 est,
348 2611 474 2675 quod
495 2610 765 2678 intelligitur
781 2629 862 2678 per
882 2615 1007 2678 quod
1033 2613 1248 2662 videbitur
1277 2614 1388 2662 ficut
1412 2631 1571 2662 verum
1597 2627 1916 2677 comparatum
1941 2617 1998 2662 ab
2022 2615 2139 2660 illis:
2178 2617 2231 2662 ὅτ

233 2691 453 2741 praeterea
477 2691 529 2726 ut
562 2677 920 2735 homodonetur
943 2681 1133 2746 proprio
1155 2681 1324 2728 coelesti
1349 2684 1398 2730 &
1423 2681 1566 2728 libero
1589 2682 1782 2738 coelesti,
1819 2680 1963 2728 facere
1986 2682 2123 2734 debet
2147 2682 2231 2728 bo-

227 2754 346 2791 'num
366 2756 419 2791 ut
435 2761 460 2791 a
475 2745 535 2801 se,
571 2746 622 2794 ὅτ
639 2747 840 2809 cogitare
861 2763 1023 2802 verum
1043 2760 1094 2795 ut
1116 2764 1141 2795 a
1166 2748 1226 2804 se',
1264 2747 1339 2796 sed
1357 2764 1465 2796 cum
1483 2747 1694 2807 reflectit,
1732 2747 2086 2812 agnoscet-quod
2108 2748 2184 2837 illa
2202 2765 2233 2796 a

234 2812 463 2869 Domino,
499 2812 708 2860 videatur
729 2829 789 2860 n:
815 2817 964 2871 2882,
993 2819 1139 2878 2883.
1169 2818 1315 2878 2891.
2135 2852 2144 2861 -.

250 2914 256 2923 .
303 2878 449 2939 5665.
491 2879 554 2937 Et
571 2879 731 2926 eduxit
747 2880 802 2926 ad
823 2881 926 2928 illos
946 2881 1287 2939 Schimeonem,
1314 2881 1438 2944 quod
1453 2882 1674 2946 significet
1690 2881 1814 2946 quod
1838 2880 2095 2943 adjunxerit
2108 2882 2234 2928 veris

234 2944 371 3002 velle,
410 2945 583 2992 constat
606 2962 663 2993 ex
680 2947 1073 3010 repraesentatione
1092 2949 1392 3005 Schimeonis‚
1414 2949 1542 3012 quod
1561 2950 1613 2996 fit
1632 2949 1743 2996 fides
1762 2949 2016 3004 voluntate,
2052 2946 2127 2994 seu
2146 2964 2229 2994 vo-

235 3007 380 3059 luntas
397 3009 588 3059 faciendi
613 3029 776 3061 verum
799 3015 926 3078 quod
946 3014 1070 3070 fidei,
1109 3015 1166 3060 de
1183 3031 1274 3078 qua
1293 3030 1322 3061 n
1343 3031 1354 3060 :
1383 3017 1530 3078 3869.
1559 3017 1703 3078 3'870.
1731 3017 1788 3077 38
1798 3029 1874 3076 71.
1903 3018 2048 3075 3872.
2075 3029 2225 3078 4497.

238 3090 384 3137 4592.
410 3076 558 3141 4503.
597 3083 753 3142 5482·,
788 3082 840 3128 δε
875 3096 934 3129 ex
970 3080 1370 3145 repraesentatione
1401 3081 1601 3130 filiorum
1628 3081 1808 3143 Jacobi‚
1842 3081 1921 3144 qui
1944 3080 2016 3128 hic
2039 3080 2139 3127 sunt
2162 3081 2252 3129 illi

172 3172 205 3211 -r
231 3141 291 3190 ad
325 3158 438 3208 quos
459 3145 623 3216 eduxit
649 3147 990 3217 Schimeonem‚
1026 3149 1152 3215 quod
1178 3148 1263 3196 fint
1286 3162 1388 3196 vera
1412 3149 1626 3201 Ecclefiae
1650 3151 1698 3197 in
1721 3147 1931 3207 naturali,
1971 3147 2028 3196 de
2051 3163 2144 3210 qua
2161 3164 2189 3193 n
2212 3165 2234 3194 :

2011 3236 2016 3240 ·
2071 3230 2234 3288 5493:ae
2300 3289 2306 3293 ,
