2566 3640
338 256 476 323 422
596 209 747 303 „⁶9
852 233 953 302 ‘E
1075 228 1177 303 'N
1271 232 1371 302 E
1504 233 1598 301 S.
1689 231 1734 299 ‘J
1816 230 1979 303 *sq
2132 227 2275 289 -’

331 367 631 438 proximum,
678 366 747 427 ἐπ’
778 368 830 423 in
859 383 1027 422 amore
1065 367 1118 422 in
1147 366 1452 436 Dominum,
1495 384 1621 422 nam
1639 367 1696 430 hi
1712 370 1917 433 *amores
1938 365 2091 440 suntv
2118 367 2310 441 ’homini
2337 371 2339 373 ’

334 442 540 511 proprii,
584 441 673 495 ille
700 453 803 512 prae
825 440 1046 494 omnibus
1081 439 1395 494 animalibus
1434 439 1724 510 nasceretur
1738 457 1826 494 non
1845 441 1983 507 'modo
2018 441 2074 494 in
2094 436 2310 508 scienti-

320 534 323 537 ·
333 515 467 585 fica,
493 513 587 584 sed
605 515 767 569 etiam
789 513 844 566 in
867 527 996 566 vera
1022 512 1188 565 omnia
1205 510 1512 582 'spiritualia
1540 509 1759 569 &bona
1778 513 2005 586 coelestia,
2051 511 2122 582 <2²9³
2148 514 2232 568 ita
2259 515 2315 569 in'

347 601 533 640 omnem
554 585 873 656 sapientiam
897 582 969 642 θ’
993 584 1410 655 intelligentiam,
1470 601 1596 639 nam
1620 586 1668 639 is
1684 583 1830 656 'potest
1870 587 2093 657 cogitare
2116 587 2177 639 de
2199 588 2315 641 Do-

354 660 505 725 mino,
546 676 610 713 ac
631 658 719 734 Ipst
739 654 954 730 conjungi
974 668 1062 726 per
1090 674 1330 725 amorem,
1374 661 1442 711 'ac
1467 658 1530 724 fic
1554 657 1755 712 elevari
1779 658 1853 712 ad
1874 659 2126 713 Divinum
2145 655 2217 715 &³
2243 676 2315 714 ιε’-

352 739 563 799 ternum,
603 730 731 799 quod
763 745 853 782 non
887 728 1066 802 poffiint
1102 729 1262 783 bruta
1301 730 1561 785 animalia
1582 751 1596 798 3
1641 731 1725 783 ita
1764 731 1895 786 homo
1935 738 2052 784 tunc
2092 745 2183 782 non
2210 732 2321 801 nisi

261 834 266 844 -
353 820 513 872 quam
528 822 564 857 a
578 802 816 857 communi
834 803 1026 876 iifiuxu
1053 821 1088 856 a
1113 803 1322 858 Domino
1338 812 1424 874 per
1429 801 1754 874 spiritualem
1776 803 2014 870 mnndum
2035 808 2315 873 regeretur.-

339 877 437 945 sed
456 878 583 944 quia
609 894 697 930 non
721 877 775 929 in
797 876 1039 944 ordinem,
1073 873 1168 946 sed
1187 886 1362 931 contra
1386 877 1608 931 ordinem
1617 874 1770 948 suum
1806 874 2044 946 nafiitur,
2080 876 2186 928 ideo
2205 874 2323 946 nas-‘-

357 947 489 1002 citur
511 951 566 1004 in
588 948 934 1020 ignorantiam
954 950 1198 1017 omnium,
1238 946 1312 1006 ἐπ’
1327 949 1451 1019 quia
1475 950 1578 1017 ita,
1625 947 1871 1023 provisum
1893 948 1956 1018 est
1978 959 2034 1004 ut
2063 947 2183 1002 dein
2191 948 2320 1020 poffl't

363 1024 571 1092 renasci,
622 1020 695 1080 ἐπ’
713 1022 782 1092 fic
803 1023 975 1075 venire
996 1022 1049 1075 in
1073 1030 1281 1076 tantum
1303 1021 1656 1092 intelligentia
1680 1019 1751 1078 &³
1753 1020 2040 1094 sapientiae,
2077 1027 2330 1092 quantum

362 1093 498 1164 boni,
538 1093 610 1153 ἐφ’
627 1105 875 1165 quantum
899 1095 1011 1148 veri
1028 1105 1116 1164 per
1135 1094 1307 1148 honum
1328 1111 1392 1147 ex
1412 1094 1567 1148 libero
1586 1093 1776 1164 recipit.
2087 1098 2090 1100 ’
2320 1119 2324 1122 ·

442 1165 508 1237 63
520 1187 602 1234 24.
637 1167 851 1238 Spiritus
885 1168 972 1237 qui
1000 1168 1218 1221 multum
1253 1167 1630 1222 ratiocinantur
1662 1167 1714 1221 in
1746 1166 1924 1221 altera
1956 1166 2098 1236 vita,
2143 1179 2331 1239 parum

360 1242 631 1313 percipiunt
659 1238 783 1310 quid
807 1257 989 1294 verum
1024 1237 1098 1297 δῖ’
1121 1239 1313 1308 bonum,
1378 1257 1544 1310 quare
1571 1257 1654 1294 nec
1687 1240 1743 1293 in
1757 1237 2034 1310 societates
2069 1242 2334 1297 interiores

368 1314 629 1386 angelicas
666 1312 878 1367 admitti
910 1321 1124 1382 queant,
1181 1330 1303 1367 nam
1339 1313 1450 1367 illis
1473 1312 1548 1366 ibi
1574 1330 1660 1366 non
1682 1313 2042 1367 communicari
2059 1313 2202 1387 potest
2226 1316 2337 1370 ali-

371 1390 500 1457 quid
518 1385 889 1456 intelligentia:
950 1385 1033 1440 illi
1057 1402 1244 1456 quoque
1266 1383 1462 1455 interfit
1484 1386 1785 1440 ratiocinati
1790 1383 1912 1456 fimt
1932 1387 1990 1440 de
2011 1387 2204 1460 itfiuxu
2228 1405 2336 1442 om-

371 1462 508 1515 nium
541 1459 895 1531 cogitationum
917 1455 989 1515 &2³
1014 1456 1342 1530 affectionum,
1402 1455 1473 1515 θ’
1498 1458 1751 1528 dicebant,
1773 1459 1834 1530 st
1848 1458 1952 1529 ita,
2008 1461 2178 1515 nullus
2196 1459 2362 1533 pff?

371 1551 494 1588 reus
500 1534 646 1606 fieri,
687 1529 758 1587 ὃ*
778 1531 915 1585 luere
931 1541 1126 1600 paenam
1149 1529 1366 1604 alicujus
1391 1531 1599 1599 delicti,
1641 1541 1702 1586 at
1724 1529 2098 1601 respondebatur
2120 1533 2254 1602 illis,
2285 1533 2347 1606 st

375 1608 509 1662 homo
530 1607 754 1660 crederet
763 1603 953 1676 ficutse
975 1620 1061 1656 res
1084 1603 1261 1671 hahet,
1299 1606 1430 1672 quod
1447 1615 1613 1674 nempe
1637 1619 1772 1657 omne
1793 1602 1968 1657 bonum
1993 1604 2065 1662 ὅς’
2086 1622 2263 1660 verum
2261 1608 2344 1677 stt

378 1698 418 1733 a
441 1679 676 1746 Domino,
716 1672 788 1733 ὅθ’
813 1693 948 1729 omne
967 1676 1163 1730 malum
1199 1674 1483 1746 &falstim
1507 1676 1583 1729 ab
1597 1674 1806 1747 inferno,
1859 1677 1988 1746 quod
2012 1688 2124 1732 tunc
2146 1696 2236 1733 non
2256 1689 2345 1750 po-

363 1751 540 1823 -tuffit
560 1768 679 1805 reus
682 1749 808 1820 fieri
828 1746 1046 1821 alicujus
1060 1746 1249 1817 delicti,
1288 1746 1359 1805 69³
1382 1748 1429 1801 ei
1445 1748 1687 1819 imputari
1712 1749 1907 1802 malum
1928 1770 1943 1818 3
1961 1763 1964 1767 ⁴
1967 1746 2062 1819 sed
2082 1751 2208 1821 quia
2233 1768 2346 1805 cre-

382 1827 462 1880 dit
480 1826 616 1894 quod
638 1821 759 1892 ase,
818 1821 1109 1892 appropriat
1143 1821 1219 1875 ibi
1243 1823 1461 1890 malum,
1499 1838 1618 1876 nam
1634 1823 1763 1889 fides
1784 1822 1868 1876 hoc
1910 1822 2060 1891 acit,
2117 1824 2201 1878 ita
2226 1840 2348 1878 ma-

384 1899 492 1952 lum
514 1898 742 1961 inhaeret,
780 1911 865 1948 nec
891 1893 961 1947 ab
982 1895 1068 1948 illo
1106 1894 1321 1965 eparari
1345 1893 1518 1966 potest,
1559 1895 1655 1948 imo
1674 1893 1806 1949 talis
1830 1895 1876 1966 es
1916 1895 2071 1964 homo,
2108 1897 2242 1966 quod
2263 1896 2349 1951 in-

373 1971 690 2040 dignaturus
720 1968 812 2040 fit,
849 1967 902 2030 st
914 1969 1029 2035 quis
1048 1968 1235 2022 diceret
1258 1968 1405 2022 illum
1424 1968 1651 2040 cogitare
1677 1964 1750 2024 θ’
1785 1967 1918 2021 velle
1950 1984 2015 2021 ex
2046 1968 2196 2039 aliis,
2256 1984 2352 2023 non

387 2062 425 2099 a
464 2062 506 2096 e.
1333 2088 1335 2090 ,

431 2043 497 2167 s6
504 2134 530 2184 3
542 2133 569 2168 2
574 2133 624 2182 5.
660 2111 741 2184 Est
763 2122 954 2168 aeterna
976 2113 1200 2182 veritas,
1226 2114 1356 2184 quod
1377 2112 1619 2168 Dominus
1642 2121 1793 2184 regat
1815 2114 1994 2169 coelum
2029 2112 2102 2172 θ’
2125 2124 2355 2189 terram,
2439 2144 2441 2148 ·

390 2200 503 2245 tum
522 2187 650 2258 quod
677 2186 852 2241 nullus
875 2204 912 2239 a
909 2184 976 2311 Ᾰὲ
1000 2186 1157 2240 vivat
1169 2196 1352 2258 prater
1384 2187 1672 2254 Dominum,
1711 2184 2040 2256 consequenter
2061 2189 2194 2258 quod
2223 2206 2358 2245 omne

388 2264 510 2317 vita
536 2262 736 2334 influat,
771 2258 894 2314 vita
940 2274 1083 2312 onum
1108 2277 1145 2312 a
1169 2260 1401 2328 Domino,
1443 2257 1516 2318 &⁹
1550 2260 1671 2314 vitio
1694 2250 1910 2313 malun?
1914 2259 1982 2313 ab
2000 2260 2218 2331 iiffern03
2256 2263 2358 2316 haec

382 2336 520 2410 fides
545 2333 771 2387 coelorum
794 2328 856 2403 est
879 2351 892 2397 3
932 2348 1043 2386 cum
1078 2331 1208 2386 homo
1232 2330 1294 2387 eli
1314 2333 1370 2387 in
1387 2333 1497 2404 fide
1519 2331 1640 2399 illa,
1677 2332 1730 2386 in
1751 2349 1860 2401 qua
1879 2330 2021 2408 potest
2053 2333 2138 2406 effe
2173 2352 2284 2387 cum
2306 2335 2360 2390 in

395 2408 530 2474 hono,
567 2417 686 2461 tunc
705 2406 752 2458 ei
775 2403 968 2480 malum
1005 2422 1094 2459 non
1125 2402 1264 2473 potest
1287 2405 1423 2482 affigi
1445 2403 1517 2463 ὓ*
1541 2406 1887 2475 adpropriari,
1926 2407 2056 2476 quia
2078 2409 2219 2462 novit
2237 2410 2362 2477 quod

398 2499 488 2535 non
513 2498 550 2533 a
555 2477 635 2548 ste,
655 2478 751 2548 sed
775 2477 843 2531 ab
861 2475 1052 2549 itfferno
1074 2518 1089 2544 ,
1126 2494 1241 2531 cum
1264 2478 1400 2533 homo
1422 2480 1474 2538 in
1497 2478 1579 2531 hoc
1594 2476 1741 2549 statu
1771 2476 1851 2550 est,
1889 2488 2003 2533 tunc
2018 2476 2160 2552 potest
2181 2481 2362 2536 donari

394 2564 538 2623 pace,
575 2568 696 2605 nam
719 2562 832 2606 tunc
853 2550 994 2603 unice
1004 2551 1137 2621 fidet
1173 2551 1416 2619 Domin03
1453 2568 1538 2604 nec
1556 2560 1666 2621 pax
1704 2551 1831 2605 aliis
1854 2552 1978 2606 dari
1993 2550 2161 2623 potest,
2200 2567 2362 2623 quam
2424 2562 2436 2568 “

404 2625 497 2694 qui
519 2625 571 2678 in
595 2626 705 2696 fide
728 2624 838 2692 jlla
861 2638 927 2675 ex
946 2622 1214 2677 charitate
1234 2621 1388 2692 fitnt3
1435 2640 1560 2679 nam
1591 2622 1692 2677 alii
1728 2619 1986 2696 conjiciunt
1988 2624 2049 2695 se
2073 2626 2288 2680 continue
2309 2626 2362 2679 in

378 2695 736 2770 sollicitudines
765 2694 837 2753 &⁹
858 2695 1181 2764 cupiditates,
1218 2714 1256 2749 a
1276 2695 1461 2766 quibus
1494 2696 1979 2765 intranquillitates.
2052 2697 2251 2752 Putant
2255 2695 2364 2768 spi-

405 2770 560 2836 ritus,
596 2770 686 2838 qui
701 2767 864 2838 fhmet
881 2785 1048 2839 regere
1066 2767 1258 2836 volunt,
1293 2769 1426 2838 quod
1442 2769 1499 2823 id
1507 2767 1655 2840 foret
1677 2770 1934 2823 amitteres
1944 2770 2098 2842 stium
2119 2770 2364 2824 volunta-

407 2842 563 2908 rium,
600 2843 682 2895 ita
706 2841 944 2907 liberum,
981 2838 1319 2910 consequenter
1356 2858 1492 2896 omne
1511 2839 1810 2915 jucundum,
1847 2842 1933 2896 ita
1964 2859 2152 2897 omnem
2191 2843 2364 2898 vitam

410 2911 484 2971 ἐτ’
507 2910 614 2986 ejus
630 2911 990 2983 suavitatem:
1035 2916 1117 2987 hoc
1151 2913 1319 2967 dicunt
1343 2911 1414 2970 δῖ’
1435 2919 1641 2984 putant,
1683 2915 1808 2984 quia
1845 2931 1935 2969 non
1954 2914 2122 2984 sciunt
2140 2919 2367 2983 quomodo

394 2985 452 3056 se
476 3002 559 3038 res
582 2986 767 3055 habet,
820 2987 954 3042 homo
987 2986 1138 3052 enim,
1185 2985 1276 3056 qui
1306 2987 1506 3041 ducitur
1529 3005 1566 3040 a
1590 2987 1820 3052 DominO,
1858 2986 1907 3040 is
1927 2987 1979 3040 in
1998 2985 2088 3056 ipso
2111 2986 2262 3040 libero
2285 2990 2368 3061 est,

412 3054 485 3114 ὅ,
499 3058 571 3127 stc
595 3058 646 3110 in
666 3057 755 3128 ipso'
764 3055 983 3130 jucundo
1008 3055 1079 3115 θ’
1102 3060 1271 3126 beato,
1309 3059 1690 3128 appropriantur
1709 3060 1758 3112 ei
1781 3059 1908 3112 bona
1929 3056 2002 3115 &⁴
2024 3075 2171 3126 vera,
2211 3061 2370 3118 datur

407 3130 459 3186 ei
482 3127 675 3202 affec-lio
699 3128 770 3189 &⁹
789 3130 1081 3204 defiderium
1106 3129 1336 3196 faciendi
1371 3130 1563 3201 bonum,
1599 3129 1671 3191 ἐπ’
1693 3140 1812 3187 tunc
1836 3128 1966 3186 nihil
1982 3131 2030 3186 ei
2045 3129 2262 3204 felicius
2286 3133 2369 3203 est,

2213 3222 2375 3274 quam
