2626 3666
398 190 1317 276 112-GEN
1447 198 1515 267 Ε
1632 197 1702 265 5
1817 193 1883 264 J
2006 195 2070 267 S.

397 335 571 399 quibus
605 349 695 382 non
720 332 1128 398 correspondentia‚
1164 347 1271 392 curn
1303 331 1504 396 {pectant
1540 331 1583 378 in
1609 331 1760 380 lucem
1787 330 1912 388 coeli,
1948 330 2061 378 nihil
2100 329 2277 393 prorsus
2311 332 2383 378 vi-

397 405 530 458 dent,
567 414 753 466 apparet
776 417 915 447 omne
940 398 1065 463 quod
1092 399 1152 445 ibi
1178 398 1354 461 prorsus
1390 399 1436 444 in
1469 398 1674 454 obscuro,
1717 413 1825 444 cum
1862 409 2012 444 tamen
2038 397 2102 443 illi
2126 398 2205 462 qui
2241 397 2304 445 ibi
2339 399 2386 444 in
2412 442 2413 445 ,

405 469 642 516 clariffima
673 468 747 514 die
783 467 915 512 sunt:
952 470 1039 515 hoc
1076 463 1282 511 illustrari
1332 463 1479 526 potest
1530 465 1664 511 unica
1708 463 1792 510 hac
1825 463 2140 526 experientia·‚
2175 466 2388 527 apparuit

407 535 522 582 mihi
557 550 722 596 magna
754 532 932 587 civitas,
967 531 1046 578 ubi
1072 531 1200 578 mille
1236 531 1284 577 ὅτ,
1314 529 1442 577 mille
1475 531 1616 585 varia,
1651 545 1760 594 quae
1786 529 2069 592 delectabilia
2098 531 2149 578 δε
2174 531 2388 593 pulchra3

405 601 504 647 vidi
547 600 620 647 illa
653 601 763 664 quia
799 598 958 645 datum
992 602 1085 644 erat
1120 596 1342 652 medium,
1394 608 1440 643 at
1474 596 1653 659 spiritus
1704 595 1787 659 qui
1820 596 1942 657 apud
1995 611 2070 642 me
2104 600 2247 652 erant,
2281 598 2388 661 quia

402 667 574 729 absque
610 666 784 720 medio,
821 680 876 710 ne
912 663 1165 711 minimum
1206 663 1267 709 ibi
1312 663 1465 710 videre
1497 675 1777 725 potuerunt;
1821 662 1871 708 &
1908 660 2104 717 dierum,
2140 663 2266 726 quod
2303 662 2387 727 qui

405 749 497 779 non
535 734 579 778 in
604 730 997 794 correspondentia
1031 728 1149 785 sunt,
1186 729 1362 776 tametsi
1394 729 1472 784 ibi,
1510 729 1647 792 usque
1690 742 1842 775 tamen
1877 743 1931 775 ne
1970 726 2116 774 hilum
2154 729 2279 790 quod
2323 730 2386 776 ibi

403 798 739 861 appercipiunt.
809 796 866 842 Se
897 811 1084 860 quoque
1110 795 1198 842 hoc
1224 796 1369 857 habet,
1411 796 1521 842 sicut
1546 795 1729 841 interior
1761 795 1919 850 homo,
1956 792 2026 840 seu
2063 793 2242 856 spiritus
2273 793 2387 857 (juv,

404 866 484 927 qui
510 865 646 911 etiam
671 864 819 910 anima
844 875 1051 920 vocatur,
1090 861 1165 908 ille
1189 861 1344 907 videre
1378 862 1524 923 potest
1548 859 1704 908 omnia
1728 860 1778 908 &
1812 859 1982 921 singula
2006 874 2111 923 quae
2137 859 2238 906 sunt
2262 862 2310 908 δε
2332 863 2389 909 fi-

406 944 491 978 unt
516 930 559 976 in
583 930 791 977 exteriori
817 927 1024 985 Homine,
1066 934 1165 974 non*
1178 940 1329 975 autem
1365 926 1573 983 vicissim,
1609 927 1691 974 nifi
1714 925 2186 988 sit'correspondentia
2219 927 2268 974 &
2294 944 2389 975 me·

405 997 572 1051 dium3
611 997 715 1042 inde
738 994 819 1051 est,
857 995 982 1056 quod
1015 994 1225 1041 exterior-i
1261 992 1454 1051 homini,
1493 995 1691 1057 quinon
1718 993 1762 1039 in
1786 991 2213 1055 correspondentia3
2250 1010 2392 1057 appa-

407 1075 502 1109 reat
538 1064 721 1110 interior
760 1061 873 1107 sicut
911 1060 1041 1117 nihil,
1079 1059 1219 1123 usque
1257 1058 1388 1122 adep,
1424 1072 1473 1107 ut
1513 1060 1628 1109 dum
1661 1058 1834 1123 aliquid
1869 1060 1927 1104 cle
1960 1057 2161 1121 interiori
2198 1059 2390 1108 homine

381 1130 589 1184 dicitur,
626 1127 836 1175 exteriori
861 1139 1069 1190 appareat
1093 1126 1165 1172 vel
1198 1127 1262 1173 ita
1295 1124 1556 1181 obscurum,
1591 1139 1642 1173 ut
1665 1142 1720 1172 ne
1743 1125 1934 1188 quidem
1970 1124 2122 1171 visum
2159 1124 2266 1173 illuc
2293 1142 2390 1174 ver-

407 1208 499 1242 tere
539 1195 668 1249 velit,
703 1194 777 1239 vel
825 1193 940 1240 sicut
975 1192 1170 1246 nullum,
1222 1192 1296 1242 cui
1348 1207 1437 1237 non
1474 1190 1622 1245 fides·‚
1657 1203 1702 1237 at
1739 1206 1844 1237 cum
1879 1190 2273 1252 correspondent-ia
2306 1192 2389 1250 est,

406 1274 522 1312 tunc,
547 1261 685 1308 etiam
718 1259 913 1306 exterior
947 1258 1091 1306 homo
1127 1256 1253 1304 videt
1284 1272 1364 1320 per
1389 1256 1613 1311 medium,
1647 1256 1761 1322 quid
1797 1255 1947 1318 agitur
1971 1256 2016 1302 in
2042 1256 2272 1313 interiori3
2306 1258 2390 1308 lux

408 1328 531 1374 enim
557 1343 665 1390 quae
701 1325 764 1372 est
787 1324 989 1371 interiori
1015 1323 1190 1371 homini
1231 1339 1309 1386 per
1333 1322 1539 1371 medium
1577 1322 1742 1370 influit‘
1768 1323 1815 1370 in
1850 1322 2019 1377 lucem,
2055 1338 2160 1387 quae
2181 1322 2244 1371 est
2267 1337 2391 1374 exte-

408 1393 529 1448 riori,
570 1395 655 1439 hoc
679 1391 757 1449 est,
796 1391 876 1438 lux
899 1390 1091 1438 coelestis
1127 1390 1172 1437 in
1196 1388 1344 1445 lucem
1376 1390 1644 1445 naturalem,
1680 1391 1729 1436 δε
1770 1389 1884 1436 hanc
1924 1389 2171 1444 illuminat,
2205 1407 2262 1438 ex
2299 1408 2392 1455 qua

408 1459 742 1506 illuminatione
764 1469 946 1521 apparet
970 1456 1016 1503 id
1041 1455 1169 1519 quod
1194 1456 1315 1518 apud
1341 1456 1600 1503 interiorem
1627 1455 1865 1503 hominem
1890 1454 2058 1512 existit,
2096 1455 2202 1502 inde
2227 1457 2394 1506 intelli-

406 1526 562 1587 gentia
595 1527 641 1572 &
679 1522 890 1586 sapientia
919 1522 1131 1570 exteriori
1168 1522 1243 1568 seu
1283 1521 1470 1570 naturali
1512 1523 1723 1576 homini;
1778 1534 1822 1568 at
1855 1521 1889 1569 fi
1928 1537 2020 1569 non
2058 1522 2265 1570 medium
2306 1524 2391 1582 est,

410 1593 459 1639 &
501 1591 647 1654 magis
670 1591 703 1637 fi
727 1605 817 1637 non
841 1588 1252 1654 correspondentia,
1289 1601 1398 1636 tunc
1422 1588 1604 1636 interior
1637 1587 1779 1635 homo
1804 1588 1931 1635 videt
1971 1587 2020 1634 ὅτ
2044 1588 2237 1652 percipit
2275 1591 2394 1654 quid

410 1657 560 1720 agitur
592 1659 639 1704 in
673 1655 900 1712 exteriori,
940 1657 989 1703 ὅτ
1014 1655 1361 1720 quodammodo
1385 1655 1521 1714 etiam
1551 1655 1692 1706 ducit,
1729 1653 1803 1701 sed
1844 1670 1937 1701 non
1975 1654 2201 1701 vicissim:
2243 1655 2276 1702 fi
2314 1672 2395 1704 au-

384 1737 507 1772 tem
541 1722 821 1770 contrarietas
852 1721 933 1777 est,
967 1721 1092 1784 quod
1118 1737 1286 1785 nempe
1310 1721 1505 1769 exterior
1541 1720 1905 1784 hornwprorsus
1945 1720 2173 1783 pervertat
2205 1732 2286 1768 aut
2308 1738 2387 1770 ex-

410 1789 612 1852 stinguat
644 1788 769 1851 quod
795 1788 942 1836 influit
966 1804 1047 1851 per
1071 1788 1351 1844 interiorem,
1387 1802 1495 1836 tunc
1536 1786 1737 1850 privatur
1771 1786 1958 1834 interior
1993 1785 2135 1834 homo
2166 1787 2248 1834 ‘sua
2289 1787 2392 1836 luce

410 1872 522 1919 quae
555 1871 580 1902 e
615 1855 756 1910 coelo,
792 1855 841 1902 δε
875 1854 1099 1901 clauditur
1127 1856 1168 1903 ei
1200 1854 1349 1901 versus
1384 1854 1576 1909 coelum,
1620 1867 1664 1900 at
1702 1852 1901 1916 aperitur
1938 1853 2300 1901 communicatio
2332 1855 2391 1903 ad

409 1923 678 1970 exteriorem
715 1920 950 1968 hominem
969 1921 1026 1968 ab
1048 1919 1225 1968 inferno
1247 1938 1257 1967 ε
1293 1921 1422 1984 plur'a
1444 1921 1501 1967 tle
1525 1920 1594 1968 his
1617 1919 1769 1967 videas
1788 1919 1833 1967 in
1858 1935 1979 1967 nunc
1999 1919 2302 1984 sequentibus,

479 1990 626 2049 5428.
664 1986 729 2034 Et
756 1986 937 2034 illinon
962 1999 1253 2050 agnoverunt
1292 2003 1420 2043 eum,
1457 1987 1584 2052 quod
1625 1987 1848 2050 significet
1883 1985 2008 2051 quod
2050 2001 2209 2033 verum
2247 2003 2272 2034 a
2305 1986 2393 2036 Di-

407 2053 523 2101 vino
547 2069 639 2101 non
657 2052 892 2116 appareret
926 2052 973 2099 in
998 2055 1097 2100 luce
1122 2053 1310 2102 naturali
1345 2053 1552 2103 nondum
1586 2068 1610 2099 a
1643 2054 1742 2101 luce
1775 2052 1945 2100 coelesti
1981 2051 2251 2107 illuminata,
2285 2069 2392 2101 con-

410 2120 524 2167 stare
553 2119 699 2183 potest
731 2135 788 2166 ex
819 2118 906 2166 illis
941 2135 1050 2184 quae
1089 2136 1202 2168 mox
1238 2120 1520 2183 praecedunt,
1555 2135 1666 2168 cum
1701 2117 1826 2167 enim
1866 2135 1961 2182 per,
1997 2132 2187 2180 agnovit
2221 2118 2394 2183 Joseph

413 2185 570 2242 fratres
594 2184 710 2242 su03,
742 2186 1032 2247 significatur,
1067 2186 1195 2250 quod
1215 2188 1480 2234 communia
1505 2201 1612 2233 vera
1637 2185 1850 2233 Ecclefiae
1882 2183 2046 2232 caelesti
2068 2183 2303 2248 spiritualis
2334 2201 2392 2233 ex

410 2253 510 2299 luce
535 2250 627 2315 ejus
651 2263 930 2315 apparerent,
968 2251 1169 2315 sequitur
1190 2253 1316 2315 quod
1343 2268 1437 2315 per,
1476 2252 1540 2299 illi
1566 2267 1656 2298 non
1681 2264 1965 2314 agnoverunt
2004 2265 2130 2307 eum,
2168 2251 2393 2313 significe-

409 2331 485 2366 tur
507 2317 632 2382 quod
657 2317 835 2373 coeleste
860 2317 1116 2380 spiritualis,
1154 2316 1228 2364 seu
1261 2334 1421 2365 verum
1455 2334 1479 2365 a
1498 2317 1695 2374 Divino,
1729 2333 1820 2365 non
1845 2330 2080 2381 appareret
2111 2333 2226 2363 veris
2263 2333 2393 2367 com-

412 2386 630 2437 munibus
654 2384 867 2431 Ecclefiae
903 2384 947 2431 in
970 2383 1068 2431 luce
1095 2383 1286 2432 naturali
1324 2384 1533 2432 nondum
1570 2399 1594 2430 a
1617 2384 1717 2431 luce
1738 2383 1906 2431 coelesti
1924 2416 1927 2417 γ
1947 2383 2229 2432 illuminata:
2276 2400 2395 2448 quo-

414 2450 559 2499 modo
583 2450 669 2497 hoc
696 2451 736 2496 se
758 2449 910 2507 habet,
948 2449 1006 2497 ab
1039 2449 1128 2497 illis
1163 2466 1271 2514 quae
1302 2465 1414 2497 mox
1453 2451 1577 2513 supra
1600 2450 1723 2496 dieta
1760 2446 1875 2504 sunt,
1909 2448 2098 2512 quidem
2145 2461 2285 2513 patet,
2322 2450 2396 2498 sed

419 2516 528 2580 quia
549 2516 609 2562 est
634 2517 750 2564 inter
773 2532 942 2571 arcana,
965 2516 1068 2564 licet
1092 2516 1304 2564 illustrare
1328 2516 1373 2562 id
1397 2532 1475 2579 per
1493 2516 1707 2579 exempla
1733 2537 1747 2570 ;
1770 2516 1824 2564 fit
1840 2515 1985 2579 gloria
2001 2516 2105 2562 coeli
2127 2532 2218 2579 pro
2241 2521 2427 2564 exem?

412 2585 525 2645 plo·‚
562 2582 643 2645 qui
671 2598 693 2627 e
717 2581 815 2630 luce
840 2583 1026 2630 naturali
1052 2598 1144 2629 non
1168 2599 1193 2630 a
1225 2583 1323 2630 luce
1346 2582 1452 2630 coeli
1495 2582 1766 2639 illuminata,
1802 2584 1910 2647 quia
1946 2581 2112 2648 absque
2137 2582 2308 2639 medie,
2342 2584 2395 2630 ὅτ

418 2648 565 2709 magis
589 2649 622 2694 fi
646 2663 737 2707 non
758 2648 1167 2712 correspondentia,
1203 2648 1416 2712 cogitant*
1430 2649 1490 2696 de
1520 2649 1663 2710 gloria
1695 2648 1820 2704 coeli,
1857 2664 1950 2696 non
1974 2648 2108 2696 aliam
2151 2650 2297 2695 ideam
2333 2647 2395 2695 de

412 2714 487 2762 illa
511 2729 648 2778 quam
671 2714 850 2777 qualem
872 2714 929 2760 de
954 2714 1100 2775 gloria
1132 2715 1297 2762 mundi
1336 2715 1498 2763 habere
1535 2714 1738 2779 pofl'unt,
1790 2715 1917 2772 ficut,
1957 2714 2067 2762 dum
2108 2713 2399 2762 revelationes

416 2780 701 2844 propheticae
724 2779 952 2842 imprimis
969 2780 1190 2840 Johannis
1225 2782 1271 2828 in
1295 2781 1578 2844 Apocalypsi
1618 2783 1794 2845 legunt,
1829 2782 1953 2846 quod
1993 2780 2057 2827 ibi
2097 2779 2394 2842 magnificen-

418 2846 582 2893 tiffima
617 2847 702 2893 sint
723 2844 911 2900 omnia;
946 2859 991 2892 at
1014 2862 1119 2893 cum
1156 2847 1219 2894 eis
1258 2846 1436 2903 dicitur,
1487 2847 1613 2910 quod
1655 2848 1798 2908 gloria
1836 2847 1939 2895 coeli
1980 2844 2167 2892 excedat
2199 2862 2392 2895 omnem

418 2911 803 2975 magnificentiam
825 2911 1002 2967 mundi,
1040 2913 1153 2959 adeo
1174 2927 1226 2961 ut
1244 2913 1343 2963 haec
1367 2913 1429 2961 illi
1453 2915 1534 2960 vix
1555 2916 1806 2978 comparari
1836 2924 1988 2975 queat,
2013 2912 2063 2958 ὅτ
2087 2912 2212 2973 quod
2238 2915 2390 2960 tamen

417 2977 506 3024 hoc
531 2993 621 3024 non
647 2979 697 3025 sit
722 2977 861 3039 gloria
885 2977 1008 3032 coeli,
1044 2978 1117 3024 secl
1144 2979 1267 3042 quod
1294 2978 1435 3042 gloria
1459 2979 1566 3027 coeli
1604 2979 1656 3027 sit
1672 2979 1897 3027 Divinnm
1920 2977 2044 3041 quod
2082 2979 2226 3025 elucet
2252 2993 2276 3023 e
2309 2978 2396 3025 sm-

416 3043 537 3104 gulis
570 3060 676 3107 quae
708 3056 920 3106 apparent
940 3043 1021 3099 ibi,
1057 3060 1107 3091 ac
1132 3045 1414 3092 Divinorum
1440 3045 1689 3108 perceptio,
1725 3044 1898 3094 &inde
1920 3043 2159 3106 sapientiam
2195 3043 2266 3089 sed
2294 3043 2395 3092 haec

415 3108 560 3171 gloria
586 3108 646 3154 est
675 3109 817 3157 solum
844 3109 931 3158 illis
957 3108 1036 3164 ibi,
1073 3109 1154 3174 qui
1179 3112 1576 3170 magnificentiam
1613 3110 1739 3158 illam
1779 3109 2021 3173 respeetive
2049 3109 2103 3156 ad
2132 3109 2393 3172 sapientiam

415 3174 547 3225 nihili
576 3174 763 3235 faciunt,
804 3177 854 3226 &
877 3176 1360 3241 ornnem-sapientiam
1386 3177 1615 3235 Domin0‚
1650 3176 1699 3226 &
1722 3174 1804 3226 fibi
1840 3175 2021 3243 prorsus
2054 3175 2223 3226 nullam
2250 3175 2395 3226 tribu·

2266 3253 2388 3297 unt3
