2566 3640
331 229 1952 338 ‘pu-GENESJS.

343 365 615 434 respective,
648 385 756 436 quae
789 364 1050 433 speetabant
1080 361 1305 433 Regnum
1339 365 1537 429 Domini
1581 365 1634 416 in
1667 367 1796 417 coelis
1832 367 1884 418 sc
1925 365 2208 417 Ecclesiam:
2258 363 2333 416 hic

344 435 478 486 status
500 436 737 501 utriusque
760 433 972 484 Ecclefiae
1004 432 1232 499 Antiquae
1261 431 1537 496 significatur
1561 447 1643 498 per
1663 436 1792 500 quod
1817 435 1948 485 Deus
1969 434 2154 483 reducet
2172 447 2252 481 eos
2273 431 2332 479 ad

348 513 716 568 terrampatmm
734 515 908 550 eorum.
1803 544 1823 561 ⁴¹
2284 542 2287 544 .

422 568 569 632 6304.
605 566 669 616 Et
690 581 780 630 ego
815 567 880 614 do
911 565 996 615 tibi
1018 565 1278 632 portionem
1302 580 1442 614 unam
1478 564 1608 631 super
1630 563 1784 614 fratres
1807 576 1930 625 tuos,
1964 565 2091 632 quod
2109 565 2336 630 significet

350 635 480 702 quod
502 649 664 682 verum
700 633 1009 681 intellectualis
1043 635 1093 681 δε
1130 633 1305 680 bonum
1330 632 1576 681 voluntarii
1608 632 1711 696 plus
1744 630 1930 680 haberet
1962 632 2253 697 ibi,lconstat
2275 646 2333 680 ex

347 699 744 766 repraesentatione
782 698 1027 762 Ephraimi
1065 700 1115 748 δι’
1152 698 1431 757 Menaschis,
1467 697 1550 763 qui
1574 697 1647 747 hic
1670 697 1771 746 sunt
1793 695 2022 761 Josephus
2045 711 2097 747 ut
2119 698 2250 762 supra
2271 714 2331 747 n:

349 765 498 829 6275,
531 765 661 832 quod
685 766 769 814 sint
792 765 968 813 Verum
1005 764 1324 814 Intellestualis
1358 765 1408 814 δε
1447 764 1630 812 Bonum
1670 763 1948 821 Voluntarii,
1982 763 2042 810 de
2071 779 2169 829 qua
2206 763 2332 827 prius

352 832 564 898 pluries·,
598 833 648 880 δε
684 846 742 879 ex
783 831 1110 896 significatione
1144 831 1250 878 dare
1289 832 1552 895 portionem
1591 846 1730 895 unam
1763 829 1896 894 super
1917 829 2092 888 fratta,
2129 830 2255 896 quod
2277 829 2333 878 fit

353 897 456 963 plus
496 898 656 947 habere
695 897 777 955 ibi,
829 913 997 962 nempe
1021 896 1066 945 in
1093 897 1308 953 Ecclesia,
1341 912 1447 960 quae
1472 911 1552 962 per
1575 909 1739 945 terram
1772 897 2054 959 significatur
2073 912 2130 944 n:
2159 897 2290 959 6304
2317 915 2333 951 ς

352 964 484 1030 quod
509 965 683 1013 bonum
707 965 1022 1014 voluntarii&
1046 966 1224 1011 Verum
1264 962 1585 1011 Intellectualis
1623 963 1725 1027 plus
1750 962 1812 1026 ibi
1843 962 2073 1019 haberent,
2109 962 2190 1020 est,
2225 960 2333 1025 quia

355 1031 434 1080 illa
457 1031 559 1079 bina
584 1031 686 1079 sunt
720 1031 959 1080 essentialia
984 1029 1227 1078 Ecclefiae:
1263 1029 1369 1078 ideo
1390 1030 1526 1078 etiam
1549 1033 1670 1079 ceffit
1706 1027 1811 1076 filiis
1834 1028 2023 1094 Josephi
2046 1028 2331 1093 primogeni-

353 1110 471 1153 tura,
502 1115 520 1148 1
551 1096 735 1146 Chron:
760 1113 822 1144 v:
857 1115 896 1147 1.
1060 1107 1063 1110 ·

423 1164 570 1228 6306.
606 1164 761 1226 Quam
785 1162 919 1211 sumfi
962 1178 987 1210 e
1030 1179 1169 1210 manu
1195 1160 1441 1220 Emorraei,
1491 1160 1620 1227 quod
1642 1159 1866 1225 significet
1903 1176 1961 1208 ex
1981 1161 2178 1210 vietoria
2201 1162 2332 1229 super

356 1231 550 1285 malum,
582 1229 755 1278 constat
778 1245 835 1277 ex
860 1228 1253 1293 repraesentatione
1278 1228 1534 1285 Emorraei,
1568 1229 1698 1292 quod
1739 1227 1793 1275 fit
1831 1229 2020 1286 malum,
2055 1228 2112 1276 de
2149 1245 2242 1293 qua
2273 1247 2331 1278 n:

361 1300 487 1360 1857
511 1315 525 1350 3
562 1297 611 1344 &
636 1311 693 1343 ex
717 1294 1042 1359 significatione
1066 1295 1240 1343 sumere
1266 1311 1291 1342 e
1315 1310 1470 1351 manu,
1505 1294 1633 1360 quod
1657 1293 1710 1342 sit
1733 1309 1813 1359 per
1835 1295 2077 1343 victoriam
2101 1294 2181 1343 fibi
2205 1311 2334 1345 com-

355 1378 524 1427 parare.
594 1361 736 1425 Qod
761 1361 1027 1410 Emorraeos
1048 1364 1223 1420 attinet,
1261 1360 1513 1418 sciendum,
1547 1359 1675 1424 quod
1709 1376 1790 1424 per
1812 1359 1913 1410 illos
1935 1362 2215 1424 significetur
2236 1378 2334 1412 ma-

353 1430 468 1485 lum,
491 1440 546 1476 ut
568 1443 755 1494 quoque
774 1444 855 1494 per
877 1429 1147 1484 Cananaeos,
1167 1428 1218 1476 ὅτ
1236 1443 1316 1491 per
1338 1428 1530 1492 reliquas
1553 1439 1712 1490 gentes
1729 1428 1775 1475 in
1801 1427 1872 1475 illa
1889 1441 2018 1486 terra,
2053 1443 2160 1494 quae
2182 1429 2335 1479 nomi-

353 1507 517 1543 nantur
548 1495 596 1542 in
621 1495 778 1544 Verbo
811 1495 1121 1559 significantur
1159 1494 1281 1542 varia
1304 1508 1466 1555 genera
1489 1493 1596 1541 mali
1636 1493 1760 1541 ut&
1785 1491 1912 1550 fa1fi;
1947 1495 2055 1543 talia
2091 1496 2333 1559 repraesen·

356 1562 515 1609 tabant
537 1560 728 1617 GenteS‚
763 1576 871 1609 cum
911 1560 991 1608 filii
1017 1560 1184 1607 Israelis
1223 1562 1269 1606 in
1308 1560 1623 1623 poffeffionem
1663 1571 1795 1606 terrae
1830 1561 2051 1608 Canaanis
2074 1562 2332 1619 veniebant,

356 1628 616 1683 causa‘erat‚
652 1638 705 1674 ut
727 1643 833 1674 cum
874 1626 959 1675 filii
983 1626 1152 1693 Israelis
1190 1626 1558 1689 repraesentarent
1581 1624 1816 1682 Coelestia,
1849 1624 2007 1689 gentes
2046 1626 2138 1676 illae
2161 1643 2328 1693 reprae-

351 1694 575 1744 sentarent
598 1692 854 1749 Infernalia,
890 1694 940 1740 δε
966 1691 1022 1739 fic
1048 1705 1161 1739 terra
1184 1691 1363 1739 Canaan
1389 1691 1711 1755 representaret
1734 1706 1923 1739 omnem
1959 1691 2125 1741 statum
2150 1694 2331 1744 alterius

353 1761 501 1815 vitae3
536 1760 586 1806 ὅτ
610 1759 715 1824 quia
737 1759 910 1807 Gentes
942 1757 1324 1822 repraesentabant
1346 1756 1590 1813 infernalia,
1626 1756 1793 1804 idcirco
1813 1757 2050 1806 devotioni
2072 1759 2191 1808 datae
2210 1764 2330 1819 sunt,

355 1829 408 1875 δε
429 1841 534 1873 curn
561 1825 663 1882 illis,
697 1840 803 1890 quae
824 1836 1120 1880 remanerent,
1155 1824 1350 1872 vetitum
1393 1834 1487 1872 erat
1509 1823 1653 1872 faedus
1679 1822 1805 1871 inire.
1877 1823 2020 1888 Qod
2055 1824 2139 1874 filii
2163 1824 2332 1875 Israelis

354 1905 521 1941 terram
546 1891 729 1939 illorum
764 1892 844 1956 qui
868 1890 1242 1955 repraesentabant
1266 1889 1458 1947 inferna,
1479 1902 1770 1955 =occuparent
1804 1890 1855 1938 δε
1883 1891 2202 1951 inhabitarent,
2237 1905 2334 1942 erat

354 1958 794 2024 repraesentativum,
829 1957 953 2022 quod
978 1956 1212 2007 infernales
1250 1957 1366 2005 circa
1390 1970 1572 2021 tempus
1610 1957 1832 2021 adventus
1855 1956 2054 2005 Domini
2080 1974 2333 2024 occupave-

355 2026 450 2075 rint
473 2023 670 2073 multam
693 2036 872 2089 partem
897 2023 1038 2081 Coeli,
1071 2035 1118 2071 at
1153 2023 1278 2089 quod
1303 2023 1552 2079 Dominus,
1587 2038 1669 2087 per
1690 2022 1821 2088 quod
1862 2023 1908 2070 in
1933 2023 2160 2073 mundum
2185 2021 2331 2084 venit,

356 2095 410 2142 δε
434 2091 684 2139 humanum
711 2091 756 2139 in
781 2089 822 2138 se
850 2090 1080 2138 Divinum
1105 2088 1231 2148 fecit,
1266 2089 1495 2154 expulerit
1518 2089 1617 2137 illos
1641 2089 1763 2146 inde,
1797 2104 1848 2136 ac
1880 2088 2092 2153 dejecerit
2124 2091 2168 2139 in
2193 2090 2330 2140 infer·

356 2174 433 2215 na,
468 2157 602 2206 &ita
623 2157 800 2204 coelum
835 2157 893 2204 ab
917 2156 1003 2204 illis
1039 2155 1314 2212 liberaverit,
1348 2156 1477 2220 quod
1502 2168 1610 2204 tunc
1649 2154 1694 2201 in
1728 2155 2044 2204 haereditatem
2078 2157 2207 2208 dedit
2240 2157 2328 2207 illis

355 2224 439 2287 qui
477 2239 503 2270 e
534 2222 703 2282 Regno
726 2222 806 2273 suo
833 2221 1045 2287 spirituali
1069 2222 1225 2271 essent.
1270 2223 1438 2284 *Qod
1462 2238 1543 2286 per
1565 2222 1763 2271 Gentem
1782 2221 2064 2272 Emorraeam
2088 2224 2332 2288 repraesen-

355 2302 504 2339 tatum
526 2289 582 2337 fit
605 2289 778 2336 malurn
802 2288 848 2336 in
871 2290 1129 2345 communi,
1165 2300 1290 2353 patet
1312 2289 1370 2336 ab
1395 2288 1482 2336 illis
1511 2287 1622 2336 locis
1638 2288 2017 2346 ubi'nominatur,
2051 2303 2102 2339 ut
2123 2292 2246 2355 apud
2264 2290 2331 2339 E·

355 2354 606 2405 zechielem
641 2363 675 2385 “
700 2354 1042 2418 Hierosolyma,
1079 2355 1409 2418 negotiationes
1445 2366 1541 2403 tuae
1579 2355 1631 2402 δε
1662 2356 1969 2416 generationes
2005 2367 2102 2405 tuae
2134 2357 2193 2404 de
2217 2369 2331 2406 terra

360 2422 575 2471 Cananaei
598 2443 612 2476 ς
637 2431 771 2482 pater
807 2431 907 2470 tuus
930 2422 1195 2478 Emorraeus,
1229 2423 1280 2470 δε
1304 2433 1448 2469 mater
1485 2434 1562 2468 tua
1585 2420 1785 2468 Chittaea
1816 2424 1831 2444 ⁹
1853 2437 1971 2469 xvr:
2013 2440 2060 2486 3.
2086 2439 2188 2486 45³
2222 2426 2330 2487 quia

354 2502 484 2554 pater
503 2487 549 2535 in
568 2487 692 2536 sensu
711 2487 887 2535 interno
909 2487 1133 2550 significat
1151 2488 1322 2536 bonum
1343 2486 1574 2542 Ecclefiae,
1608 2498 1656 2533 at
1678 2486 1725 2534 in
1747 2487 1960 2551 opposito
1981 2487 2103 2539 sensu
2137 2489 2330 2547 malum,

360 2572 410 2603 ac
434 2567 575 2603 mater
598 2569 760 2601 verum
785 2554 1090 2610 Ecclefiaesat
1113 2555 1158 2602 in
1178 2555 1393 2618 opposito
1417 2553 1539 2601 sensu
1563 2551 1861 2610 falsum‚ideo
1882 2553 2064 2612 dicitur,
2088 2567 2216 2618 pater
2232 2567 2333 2603 tuus

359 2622 626 2670 Emorraeus
664 2621 716 2668 δε
741 2634 883 2669 mater
909 2632 982 2668 tua
1005 2619 1222 2670 Chittaea.
1290 2619 1436 2684 Apud
1469 2621 1621 2667 Amos
1653 2627 1687 2649 “
1712 2619 1822 2683 Ego
1858 2620 2045 2685 perdidi
2064 2623 2331 2670 Emorraeum

359 2703 514 2734 coram
554 2686 658 2742 illis,
698 2684 824 2751 cujus
863 2686 978 2734 ficut
1015 2686 1211 2735 altitudo
1249 2686 1488 2734 cedrorum
1527 2684 1739 2742 altitude,
1774 2687 1825 2734 &
1857 2685 2068 2735 robustus
2106 2687 2181 2735 ille
2218 2685 2331 2736 ficut

356 2768 578 2816 quercus:
619 2752 729 2799 duxi
748 2767 823 2800 eos
842 2751 887 2799 in
911 2752 1106 2809 deserto,
1139 2752 1196 2801 ad
1223 2751 1542 2818 poffidendum
1579 2763 1743 2800 terram
1768 2753 1986 2801 Emorraei
2002 2751 2034 2772 '’
2062 2769 2133 2800 11:
2154 2768 2185 2817 9
2203 2769 2220 2799 .-
2248 2768 2327 2810 10,

358 2819 435 2866 hic
468 2820 605 2865 etiam
631 2818 898 2867 Emorraeus
939 2834 1023 2882 pro
1046 2818 1183 2875 malo,
1218 2835 1325 2866 nam
1358 2817 1619 2866 describitur
1641 2818 1816 2866 malum
1849 2817 2017 2867 amoris
2039 2817 2104 2866 sui
2127 2833 2206 2883 per
2226 2817 2327 2865 alti-

357 2885 564 2933 tudinem
586 2884 827 2932 cedrorum
851 2885 901 2932 &
925 2885 1064 2932 robur
1085 2899 1305 2948 quercus:
1343 2884 1471 2948 quod
1494 2883 1759 2932 Emorraeus
1789 2884 1843 2932 fit
1874 2883 2118 2932 malum.in
2141 2898 2324 2948 genere,

356 2950 420 2998 est
454 2950 560 3014 quia
589 2963 704 2998 terra
729 2951 952 2998 Cananaea
977 2963 1070 2998 tota
1093 2950 1216 2999 dieta
1238 2951 1328 3000 fuit
1349 2964 1464 3000 terra
1482 2949 1726 3006 Emorraei,
1762 2966 1867 2998 nam
1890 2950 2072 3006 dicitur,
2104 2949 2219 2998 duxi
2241 2965 2338 2999 vos.

357 3016 405 3063 in
430 3015 601 3062 deserto
633 3016 690 3064 ad
730 3016 1049 3080 possidendum
1088 3028 1251 3064 terram
1286 3015 1532 3065 Emorraei.
1609 3017 1833 3064 Praeterea
1871 3017 1917 3063 in
1936 3014 2085 3064 Libro
2106 3015 2324 3078 Regnum

354 3087 388 3112 “
426 3080 669 3128 Menasche
694 3082 796 3129 Rex
819 3082 1037 3144 Jehudae,
1073 3084 1234 3132 malum
1256 3084 1371 3147 fecit
1384 3096 1482 3143 prce
1505 3083 1614 3131 omni
1635 3083 1744 3131 malo
1757 3080 1866 3147 quod
1879 3083 2078 3146 fecerunt
2093 3083 2324 3139 Emorraei‚

342 3149 415 3211 'qui
436 3156 533 3194 ante
556 3162 646 3192 eum
665 3146 695 3169 ”
730 3164 816 3195 xxx
836 3165 852 3194 .·
893 3167 907 3196 1
928 3164 966 3196 1.
1036 3148 1204 3197 Gladio
1230 3165 1354 3206 meo,
1395 3147 1524 3213 quod
1551 3147 1770 3211 fignificet
1803 3162 1885 3212 per
1915 3163 2077 3196 verum
2100 3164 2326 3213 pugnans,

348 3211 523 3262 constat
561 3227 586 3261 a
620 3211 952 3282 significatione
984 3213 1144 3278 gladii,
1180 3214 1310 3282 quod
1349 3214 1403 3264 fit
1442 3228 1602 3282 yerum
1635 3227 1830 3279 pugans,
1864 3213 1924 3265 de
1961 3231 2048 3281 qua
2077 3232 2107 3265 n
2139 3232 2156 3263 .-
2177 3230 2323 3280 2799.

2173 3296 2321 3346 4499·
