2606 3646
384 253 516 320 180
755 251 815 318 G
920 245 1024 316 E
1157 242 1248 313 N
1373 241 1444 312 E
1576 240 1632 311 s
1761 238 1814 311 J
1938 243 2006 315 S.

380 377 594 424 ciendum
623 376 663 424 se
687 374 819 439 super
854 391 952 431 nos,
991 373 1212 437 fignificat
1248 372 1371 438 quod
1397 378 1586 437 propter
1608 373 1653 421 id
1681 374 1762 423 sub
1800 377 2070 440 potestatem
2112 368 2372 433 absolutam

382 444 735 506 redigerentur:
771 443 822 489 δε
861 441 916 488 ad
956 440 1229 493 sumendum
1268 455 1350 486 nos
1375 440 1420 486 in
1448 439 1614 495 servm,
1652 441 1701 488 δε
1725 441 1869 488 asinos
1908 446 2102 503 nostrOS,
2138 448 2368 512 significat

387 508 525 571 usque
551 523 601 556 ut
626 508 845 573 quicquid
873 508 919 555 in
943 518 1139 569 utroque
1163 505 1353 554 naturali
1387 504 1519 552 nihili
1541 505 1596 552 fit
1617 509 1628 551 ε’
1664 507 1713 553 ὅτ,
1738 509 2004 562 accefl‘erunt
2026 513 2084 561 ad
2109 515 2260 564 virum
2284 522 2371 581 qni,

381 576 408 621 s
406 593 515 637 uper
532 577 675 623 domo
698 573 907 638 Josephi,
942 573 1165 636 fignificat
1186 571 1452 627 doctrinalia
1475 571 1688 620 Ecclefiae
1707 590 1717 619 ε
1754 573 1806 621 δῖ’
1822 575 2072 640 loquutiad
2093 580 2224 631 illurn
2247 585 2373 633 ostio

378 642 563 699 domus,
600 642 823 704 fignificat
839 639 1218 693 consultationem
1233 636 1461 699 exillisde
1480 639 1844 687 introductione:
1881 642 1931 691 &
1950 643 2177 705 dixerunt,
2215 650 2258 696 in
2285 667 2367 700 me.

381 708 572 755 domine
599 710 684 765 mi,
721 708 943 769 fignificat
966 706 1355 754 testificationem:
1390 704 1704 752 descendendo
1734 706 2045 757 descendimus
2070 712 2114 758 in
2153 715 2284 764 initio
2307 718 2369 766 ad

383 775 639 822 emendum-
671 774 846 830 cibum,
883 773 1106 838 fignificat
1139 772 1347 820 animum
1382 772 1677 835 'comparandi
1714 772 1889 821 bonum
1921 776 2062 823 veris:
2100 779 2363 841 &fastum²

379 856 488 886 cum
515 843 770 888 veniremus
793 839 850 886 ad
874 838 1193 894 diversorium,
1230 838 1279 886 ὅτ
1302 841 1560 901 aperuimus
1596 838 1815 897 manticas
1830 840 2014 899 nostras,
2048 842 2268 906 fignificat
2292 850 2360 899 in-

380 907 736 972 trospectionem
762 909 807 954 in
834 905 1029 954 naturale
1047 905 1275 952 exterius:
1311 907 1360 952 δε
1385 920 1487 952 ecce
1509 917 1746 968 argentum
1771 905 1962 968 cujusvis
1987 908 2032 956 in
2055 926 2133 958 ore
2149 901 2368 964 manticssae-

379 971 494 1029 suae,
532 969 755 1036 significat
777 973 905 1037 quod
931 972 1234 1036 perspefitum,
1269 970 1395 1036 quod
1432 979 1535 1017 vera
1569 971 1690 1035 quasi
1726 974 1862 1033 gratis
1894 973 2082 1033 donata:
2117 990 2364 1042 argentum

379 1039 581 1086 nostrum
608 1041 659 1086 in.
679 1042 881 1104 pondere
906 1039 1001 1094 suo,
1039 1038 1262 1099 fignificat
1296 1053 1400 1085 vera
1423 1037 1670 1086 secundum
1695 1035 1862 1087 statum
1887 1039 2080 1104 cujusvis
2101 1060 2111 1089 ι
2149 1046 2200 1092 δε
2223 1048 2358 1097 redu„

379 1107 525 1153 cimus
551 1105 663 1154 illud
689 1107 733 1153 in
753 1122 889 1153 manu
908 1103 1070 1160 nostra,
1106 1104 1330 1165 significat
1352 1103 1481 1166 quod
1517 1103 1842 1165 submittantur
1874 1122 1992 1169 quae.
2018 1109 2157 1170 gra-tis
2191 1113 2363 1164 donata

379 1187 607 1237 quantum
650 1172 856 1236 pofiibile
876 1189 886 1218 ε
923 1172 973 1218 &
997 1172 1235 1233 argentum
1259 1169 1449 1220 alterum
1473 1166 1737 1222 descendere
1763 1169 1954 1218 facimus
1978 1173 2187 1225 inmanu
2211 1180 2361 1231 nostra

377 1240 434 1284 ad
458 1239 709 1287 emendum
728 1239 903 1294 cibum,
942 1237 1162 1300 fignificat
1185 1234 1312 1300 quod
1334 1236 1514 1283 animus
1535 1234 1592 1282 fit
1613 1250 1695 1298 per
1717 1252 1876 1284 verum
1894 1239 2075 1286 aliunde
2094 1257 2357 1308 comparate

378 1305 580 1353 bonum:
618 1322 708 1352 non
735 1305 896 1352 scimus
919 1305 1021 1368 quis
1044 1302 1196 1367 posuit
1215 1314 1456 1364 argentum
1483 1300 1687 1350 nostrum
1710 1304 1756 1349 in
1781 1305 1989 1353 manticis
2013 1306 2188 1365 nostris,
2216 1311 2358 1375 figni-

375 1373 481 1419 ficat
505 1388 595 1420 non
622 1372 763 1420 fidem
787 1387 844 1418 ex
867 1368 1124 1434 ignorantia
1145 1385 1172 1417 a
1189 1371 1286 1433 quo
1309 1384 1472 1416 verum
1495 1369 1542 1415 in
1570 1369 1755 1417 naturali
1782 1372 1992 1420 exteriori
2012 1377 2029 1427 ’ς
2064 1374 2114 1422 δε
2133 1375 2249 1426 dixit
2265 1392 2363 1445 pax

354 1434 544 1493 '‘vobis;
581 1455 637 1486 ne
659 1436 877 1494 timeatis,
912 1435 1138 1499 fignificat
1159 1435 1287 1498 quod
1326 1435 1442 1483 bene
1469 1434 1552 1494 lit,
1590 1450 1647 1482 ne
1682 1435 1949 1499 desperent:
1988 1440 2283 1492 Deusvester
2306 1448 2359 1496 &

375 1506 504 1561 Deus
528 1507 663 1568 patris
687 1502 837 1560 vestri,
871 1502 1096 1567 fignificat
1119 1501 1656 1552 DivinumHnrnanum
1682 1500 1909 1550 Domini:
1945 1504 2074 1553 dedit
2106 1509 2239 1558 vobis
2261 1512 2359 1562 abs-

372 1573 615 1619 conditum
639 1571 815 1618 donum
839 1571 886 1616 in
910 1568 1116 1616 manticis
1146 1566 1315 1626 vestris,
1350 1567 1572 1631 fignificat
1593 1568 1720 1635 quod
1755 1569 1813 1616 ab
1835 1568 1940 1633 Ipso
1975 1572 2144 1638 abfique
2164 1576 2256 1625 ulla
2278 1595 2356 1628 eo-

371 1654 476 1687 rum
508 1637 748 1701 prudentia
768 1654 778 1684 ε
813 1649 1052 1697 argentum
1076 1634 1273 1681 vestrum
1292 1634 1420 1681 venit
1442 1633 1498 1680 ad
1523 1640 1615 1692 me,
1651 1635 1875 1698 fignificat
1897 1638 2036 1701 quod*
2051 1640 2280 1692 videbitur
2298 1646 2351 1695 fi-

369 1720 449 1753 cut
480 1720 640 1752 verum
663 1715 981 1767 comparatum
1019 1701 1083 1749 ab
1109 1700 1228 1749 illis:
1264 1701 1315 1748 &
1343 1699 1504 1748 eduxit
1524 1700 1585 1748 ad*
1620 1700 1723 1751 illos
1753 1700 2097 1765 Schimeonem,
2127 1708 2368 1772 fignificat

367 1773 494 1836 quod
504 1770 759 1833 adjunxerit
776 1769 897 1817 veris
907 1768 1042 1816 velle.
1360 1822 1367 1825 ᾖ
1995 1768 1997 1770 ·
2308 1825 2313 1828 ⁴

441 1839 585 1900 5647.
625 1837 690 1885 Et
714 1838 963 1884 timuerunt
985 1833 1091 1891 viri,
1127 1832 1254 1899 quod
1289 1831 1512 1898 ligni-ficet
1543 1833 1874 1892 retractionem,
1907 1836 2078 1888 c0nstat
2099 1855 2156 1888 ex
2178 1840 2355 1908 'signifi-2

364 1907 546 1954 catione
570 1904 750 1962 timere,
788 1902 1014 1969 quod-liic
1035 1899 1089 1948 fit
1117 1899 1340 1956 retractio,
1376 1916 1545 1965 nempe
1573 1917 1598 1948 a
1630 1901 1951 1966 conjunctione
1988 1920 2097 1955 cum
2131 1907 2313 1963 interno
2332 1933 2356 1968 ·,

368 1974 511 2021 timor
548 1987 604 2019 ex
643 1971 777 2019 variis
814 1969 953 2016 causis
991 1967 1160 2036 existit²
1197 1977 1334 2030 prout
1355 1982 1413 2015 ex
1435 1966 1648 2032 periculis
1671 1969 1815 2026 vitae,
1842 1966 2184 2033 jadur-aelucri,
2220 1968 2274 2025 iit
2295 1979 2347 2028 &

367 2039 555 2087 honoris
578 2040 627 2087 δε
657 2035 814 2092 ἰατηπ,
850 2049 952 2083 turn
978 2049 1035 2081 ne
1057 2032 1192 2081 alicui
1231 2032 1412 2081 servitui
1451 2033 1749 2092 adducantur,
1783 2036 1832 2083 &
1858 2036 1918 2083 fic
1939 2048 2092 2100 pereat
2129 2038 2344 2103 liberum,

366 2107 419 2155 &
441 2121 548 2153 curn
569 2107 712 2152 libero
731 2101 988 2167 jucundum
1011 2100 1142 2157 vitae,
1176 2098 1235 2146 de
1273 2099 1356 2147 hac
1373 2115 1421 2147 re
1444 2099 1491 2147 in
1509 2100 1578 2149 his
1596 2101 1884 2167 sequentibus
1901 2103 2068 2165 agitur,
2095 2098 2344 2163 timuerunt

364 2175 491 2220 enirn
518 2188 571 2218 ne
594 2170 947 2234 adjungerentur
969 2168 1166 2222 interno,
1199 2167 1250 2214 δε
1268 2168 1348 2229 per
1366 2165 1412 2214 id
1430 2165 1564 2215 suum
1583 2169 1827 2232 proprium
1850 2167 2124 2231 amitterent}
2153 2164 2211 2223 δὲ
2230 2188 2348 2227 cum

363 2238 558 2303 proprio
594 2239 726 2285 suum
749 2236 963 2290 liberum,
997 2233 1048 2281 &
1068 2248 1175 2280 cum
1198 2231 1344 2279 libero
1356 2230 1617 2295 jucundum
1640 2236 1772 2293 vit-ae,
1807 2232 2024 2284 namhoc
2045 2252 2072 2285 a
2093 2237 2237 2289 libero
2260 2243 2347 2291 de-

358 2307 533 2371 pendet
558 2326 571 2360 ;
608 2304 713 2352 inde
736 2302 817 2356 est,
855 2299 979 2365 quod
1004 2314 1085 2363 per
1107 2298 1358 2346 timuerunt
1380 2298 1492 2356 viri,
1521 2299 1798 2363 fignificetur
1832 2302 2058 2361 retractio,
2077 2321 2264 2371 ,nempe
2285 2325 2345 2358 ne

353 2374 683 2437 ffldjungantur.
754 2367 923 2416 Hicin
944 2364 1218 2414 antecessum
1257 2366 1413 2427 paucis
1449 2364 1717 2432 dicendum,
1751 2367 1993 2431 quomodo
2016 2367 2060 2418 se
2081 2387 2188 2420 cum
2228 2389 2341 2424 con-

354 2439 599 2506 junctione
623 2437 716 2493 illa,
751 2449 920 2497 nempe
940 2448 1047 2481 cum
1070 2429 1389 2494 conjunetione
1423 2430 1618 2487 Externi
1641 2433 1715 2481 seu
1740 2433 1971 2482 Naturalis
1997 2435 2206 2486 'hominis
2228 2456 2345 2492 cum.

357 2509 546 2555 Interno
570 2504 644 2553 seu
669 2501 889 2567 spirituali
912 2498 1114 2563 sehabet
1135 2517 1150 2553 ς
1185 2497 1521 2551 Externus,seu
1543 2498 1776 2548 Naturalis
1815 2500 1960 2550 homo
1982 2518 2006 2550 a
2030 2503 2179 2568 prima
2219 2507 2344 2557 ‘v'itae-

360 2585 498 2623 aetate
537 2582 713 2632 regnat,
753 2582 834 2615 nec
875 2566 954 2614 scit
992 2563 1121 2629 quod
1146 2563 1353 2612 Internus
1375 2564 1451 2612 seu
1475 2564 1712 2630 spiritualis
1750 2567 1895 2615 homo
1933 2569 2021 2626 fit;
2056 2571 2336 2648 quaprqpter

357 2657 469 2689 cum
492 2639 634 2685 horno
668 2634 955 2688 reformatur,
989 2633 1040 2679 δε
1079 2630 1241 2695 incipit
1274 2631 1372 2680 fieri
1413 2630 1646 2695 spiritualis
1670 2632 1744 2680 seu
1769 2633 1967 2683 internus
1990 2652 2016 2683 a
2038 2634 2224 2688 naturali
2244 2631 2334 2689 ⁴seu

355 2720 565 2762 externo,
601 2716 707 2750 tunc
733 2701 936 2764 primurn
961 2697 1143 2745 rebellat
1168 2697 1365 2745 naturale
1389 2717 1405 2752 ς
1443 2697 1631 2746 docetur
1651 2699 1776 2748 enim
1800 2701 1929 2762 quod
1951 2704 2162 2752 naturalis
2185 2705 2332 2761 homo

297 2780 302 2783 ’
354 2770 659 2835 subjugandus
683 2769 753 2823 fit,
790 2767 876 2813 hoc
892 2764 973 2820 est,
1007 2779 1168 2812 ornnes
1180 2762 1281 2822 eius
1298 2763 1674 2826 concupiscentiae
1690 2780 1796 2815 cum
1815 2766 1904 2814 illis
1920 2767 2026 2832 q'uae
2042 2770 2330 2831 confirmant,

354 2837 674 2900 exstirpandz‘e,
712 2833 816 2881 inde
835 2847 942 2878 cum
961 2825 1192 2877 Naturalis
1209 2828 1354 2878 homo
1372 2830 1452 2877 fibi
1473 2831 1740 2894 relinquitur
1761 2835 1966 2896 cogitat,
1985 2834 2113 2899 quod
2129 2837 2189 2884 fic
2203 2854 2331 2902 prof.

353 2907 424 2955 sus
447 2915 615 2969 pereat,
651 2917 755 2949 nam
781 2915 872 2946 non
898 2896 977 2944 scit
998 2895 1124 2943 aliter
1147 2912 1289 2959 quam
1307 2896 1433 2960 quod
1452 2900 1652 2948 naturale
1667 2900 1720 2947 sit
1737 2914 1893 2956 omne,-
1927 2901 2180 2964 &ignorat
2195 2905 2334 2968 pJane.

350 2972 478 3037 quod
517 2968 736 3017 immensa
759 2966 807 3013 δε
835 2962 1083 3012 ineffabilia
1113 2962 1198 3010 sint
1222 2961 1269 3011 in
1306 2963 1523 3027 spirituali
1548 2987 1575 3029 ;¹
1597 2981 1797 3030 cumque
1832 2966 2042 3014 naturalis
2083 2966 2227 3018 homo
2263 2973 2325 3019 fic

348 3037 538 3101 cogitat,
574 3050 685 3083 tunc
710 3031 895 3081 retrahit
917 3030 976 3086 se,
1011 3030 1061 3076 δε
1085 3044 1178 3076 non
1203 3027 1304 3076 vult
1325 3028 1479 3092 subjici
1519 3031 1736 3095 spirituali
1756 3030 1896 3099 3¹hoc
1917 3048 2040 3082 nunc
2074 3032 2160 3093 est,
2192 3039 2326 3102 quod-

346 3107 420 3154 hic
447 3117 526 3166 per
549 3102 766 3150 timorem
793 3097 1085 3159 significatur.
1861 3096 1864 3099 ’
2072 3096 2075 3099 ·

413 3170 558 3231 5648.
595 3168 737 3228 Quod
760 3163 946 3213 adducti
968 3162 1165 3227 domum
1190 3161 1400 3225 Josephi,
1435 3162 1562 3227 quod
1586 3162 1807 3226 significet
1831 3164 1960 3227 quod
1984 3183 2090 3214 vera
2113 3185 2217 3232 quae
2241 3174 2323 3218 na&

300 3295 310 3303 ,
340 3237 509 3296 ruralis,
546 3233 898 3300 adjungerentur
922 3230 971 3279 &
995 3225 1319 3299 subjicerentur
1341 3229 1534 3299 interne,
1568 3228 1741 3301 constat
1758 3245 1782 3302 a
1799 3227 2125 3295 significatione
2149 3235 2318 3284 adduci

2115 3300 2319 3353 domum

2242 3434 2304 3443 ⁷...-
