2566 3640
288 231 613 304 cAPUT
660 227 995 317 QUADR
1005 227 1525 309 AGESIMUM
1563 227 2063 308 ocTAvUM.
2110 252 2255 328 ‘417

258 363 392 421 vari
409 380 502 421 non
518 358 686 435 potest,
720 359 821 432 nist
840 359 896 414 in
915 356 1034 413 bono
1034 358 1168 432 fidei
1188 356 1262 418 ἐπ’
1283 358 1406 416 vitae
1424 358 1513 430 sit.

337 434 406 506 63
419 444 498 491 10‘.
533 433 791 491 Interiora
813 431 1024 488 hominis
1062 429 1288 503 distinata
1313 428 1444 504 sunt
1465 429 1744 502 ficundum
1770 432 1976 504 gradus
1996 442 2088 506 per
2107 435 2251 491 deri-

254 508 511 577 vationes,
528 505 799 578 Jecundum
814 505 930 560 illos
943 507 1150 578 gradus
1153 505 1194 579 J
1195 503 1288 561 unt
1303 506 1469 560 etiam
1489 506 1644 560 Luces
1671 525 1684 559 :
1724 504 1950 577 Senfieale
1970 508 2243 580 internum,

291 583 389 637 uod
404 582 689 655 proximum
711 577 1109 653 estfi’tffualibus
1143 577 1378 650 σαφανὲς,
1413 576 1571 633 habet
1590 578 1754 633 lumen
1773 579 2124 653 crafflfflmum3
2164 584 2248 639 hoc

273 671 416 711 umen
438 654 566 710 mihi
588 655 772 711 datum
794 651 857 725 eli
881 652 1147 724 discernere
1177 663 1267 724 per
1295 648 1516 705 multam
1534 651 1933 723 experientiam3
1973 653 2048 712 θ’
2071 655 2242 729 obser-

252 737 460 797 vatum,
499 728 693 799 quoties
710 727 763 782 in
785 727 868 782 hoo
891 726 1062 782 lumen
1083 721 1306 798 delapsus
1320 720 1530 796 fuerim
1595 725 1731 795 quod
1761 727 1912 781 toties
1953 726 2244 786 obvenerint

234 797 394 873 falsa
417 800 492 860 ξδ’
512 800 664 857 mala
677 799 904 872 plurium
914 815 1181 872 generum,
1218 798 1317 852 imo
1333 796 1498 854 etiam
1531 797 1799 869 candalosa
1823 809 1998 856 contra
2015 801 2244 873 Caelestia

253 871 327 933 ἔθ’
353 875 580 942 Divina,
618 891 683 928 ac
703 880 960 944 praeterea
979 870 1174 943 spurca
1198 866 1465 944 &faeda3
1507 867 1662 940 causa
1693 869 1778 942 est,
1815 872 1946 940 quia
1969 874 2051 928 hoc
2074 875 2243 934 lumen

250 947 548 1003 dominatur
566 947 621 1001 in
642 942 886 1016 fisemis,
934 962 998 1000 ac
1021 945 1058 999 I
1101 961 1233 1000 erna
1249 954 1339 1017 per
1377 942 1439 996 id
1466 943 1719 1015 imprimis
1742 946 1879 1014 apud
1894 945 2136 1003 hominem
2159 952 2244 1004 in-

233 1021 441 1094 fluunt:
478 1035 593 1075 cum
608 1017 662 1074 in
679 1019 763 1074 hoc
785 1016 982 1073 lumine
1003 1035 1031 1072 e
1087 1018 1245 1085 homo,
1279 1014 1343 1090 est
1367 1015 1607 1088 cogitatio
1627 1013 1734 1090 ejus
1753 1015 1882 1089 fere
1905 1019 1960 1074 in
1954 1021 2133 1092 stmile
2154 1025 2242 1078 lu-

172 1158 178 1160 *
251 1092 403 1162 mine,
439 1090 494 1147 in
511 1110 606 1164 quo
623 1087 728 1165 ejus
746 1090 882 1164 visus
899 1100 1164 1160 externus,
1202 1087 1277 1149 θ’
1293 1088 1358 1163 est
1371 1095 1491 1144 tuno
1507 1100 1641 1162 paene
1655 1091 1710 1144 in
1724 1101 1924 1163 corpore
1942 1112 1957 1145 .·
1996 1095 2231 1167 homines,

289 1165 344 1221 ui
367 1167 420 1222 in
441 1166 526 1220 hoc
559 1164 750 1221 lumine
768 1163 917 1238 fient,
975 1163 1189 1220 vocandi
1191 1161 1320 1235 fient
1360 1160 1396 1214 S
1407 1177 1437 1215 E
1450 1178 1490 1216 N
1503 1177 1530 1216 s
1542 1178 1582 1215 u
1593 1179 1631 1217 A
1642 1179 1676 1217 1.
1689 1178 1720 1215 E
1732 1179 1778 1234 S,
1814 1182 1941 1220 nam
1969 1184 2060 1221 non
2087 1170 2238 1226 ultra

226 1183 491 1310 sgtfiealia
514 1238 726 1310 corporis
749 1238 995 1310 cogitant,
1032 1254 1146 1308 quae
1163 1237 1312 1292 ultra
1331 1236 1435 1291 illa
1438 1233 1488 1309 s
1477 1247 1591 1305 unt,
1626 1254 1713 1292 nec
1726 1238 2002 1309 percipiunt
2014 1259 2099 1296 nec
2118 1261 2233 1299 cre-

249 1314 392 1382 dunt,
404 1311 574 1383 solum
593 1311 652 1366 id
667 1312 879 1384 credunt
953 1311 1051 1366 uod
1082 1310 1260 1366 vident
1279 1306 1354 1368 &³
1376 1317 1611 1382 tangunt.
1682 1311 1745 1365 In
1783 1310 1873 1365 illo
1894 1311 2086 1368 lumine
2103 1316 2233 1387 fimi}

247 1387 355 1453 illi,
391 1385 482 1455 qui
503 1384 758 1457 interiora
770 1394 892 1456 pror
913 1400 974 1439 us
997 1401 1087 1439 non
1105 1383 1444 1452 excoluerunt,
1481 1383 1700 1438 vivendo
1713 1383 1767 1438 in
1785 1384 2006 1456 negletiu
2024 1385 2099 1446 θ’
2118 1407 2235 1446 con-

250 1467 413 1530 temtu
434 1458 650 1515 omnium
671 1474 785 1528 quae
806 1455 1099 1514 rationalia
1123 1453 1507 1529 &spiritualia
1528 1454 1690 1526 sunt3
1731 1453 1805 1514 69³
1835 1458 1890 1511 in
1922 1460 2010 1515 illo
2047 1462 2234 1520 lumine

229 1530 355 1603 sunt
376 1531 633 1605 imprimis
655 1531 859 1599 Avari,
895 1527 969 1589 Εἴ
990 1529 1256 1598 Adulteri,
1310 1537 1421 1583 tum
1458 1530 1545 1599 qui
1577 1530 1631 1584 in
1669 1530 1826 1584 meris
1861 1533 2234 1608 voluptatibus,

247 1604 315 1660 ac
333 1606 388 1661 in
404 1604 550 1675 turpi
572 1604 693 1672 otio,
731 1603 980 1659 vixerunt
999 1623 1017 1673 3
1054 1602 1169 1657 inde
1185 1601 1241 1658 hi
1243 1599 1434 1674 spurca
1457 1602 1704 1674 cogitant,
1742 1600 1817 1662 &³
1836 1604 1897 1658 de
1899 1603 2103 1676 fitndis
2124 1607 2233 1667 Eo-

243 1677 401 1753 elestae
432 1677 548 1748 fiepe
558 1673 881 1748 scandalosa.

320 1749 420 1820 631
438 1769 482 1804 1.
517 1751 578 1806 In
597 1747 785 1804 lumine
822 1748 914 1803 illo
931 1745 1078 1819 sient,
1115 1755 1173 1804 ut
1193 1744 1398 1818 uittam,
1443 1745 1669 1820 Itfferna,
1725 1747 1800 1810 δ’
1837 1752 1894 1806 in
1935 1752 2024 1808 illo
2060 1759 2230 1814 etiam

231 1823 346 1897 lunt
368 1824 541 1895 aliqui
559 1821 653 1894 qui
671 1839 761 1878 non
794 1821 881 1876 ita
903 1821 1037 1877 mali
1040 1821 1186 1893 fimi,
1220 1820 1308 1891 qui
1330 1831 1501 1892 nempe
1523 1839 1616 1877 non
1648 1824 1833 1894 avari,
1874 1827 2099 1884 adulteri
2122 1841 2223 1886 aut

243 1897 514 1968 voluptuosi
523 1895 763 1969 suerunt,
789 1893 878 1959 kd
895 1895 991 1966 qui
1011 1896 1153 1951 tales
1173 1890 1321 1968 fat't'i
1338 1892 1485 1965 fient,
1521 1894 1649 1965 quia
1671 1897 1933 1952 rationale
1952 1898 2106 1969 ficum
2137 1923 2233 1961 non

113 331 143 359 Ο

246 1969 600 2027 excoluerunt.-
638 1969 822 2024 datum
843 1966 906 2029 est
927 1970 1146 2040 quodam
1182 1967 1394 2024 diluculo
1427 1967 1602 2023 videre
1623 1969 1711 2024 hos
1714 1968 1970 2042 spiritus;
2010 1987 2231 2047 appare-
2328 1987 2331 1994 '

246 2045 377 2101 bant
409 2043 473 2098 in
478 2041 622 2116 foro,
656 2041 960 2112 turmatim,
1003 2051 1267 2113 portantes
1290 2040 1470 2112 saccos
1489 2041 1544 2096 in
1567 2041 1748 2111 quibus
1785 2046 2022 2103 materiae
2059 2053 2231 2122 rudes,

143 2157 166 2176 .
235 2117 570 2191 ponderantes
605 2114 730 2184 illa,
767 2111 842 2173 ἐπ’
877 2116 1213 2187 deportantes·
1285 2114 1485 2169 Sirenes
1528 2116 1763 2185 quiedam
1798 2127 1914 2172 tunc
1951 2138 2041 2175 non
2056 2127 2235 2192 procul

242 2198 421 2255 erant,
454 2187 530 2250 ἐρ’
545 2187 821 2245 audiebam
843 2186 973 2243 illas
996 2189 1238 2260 dicenteS,
1274 2190 1407 2260 quod
1423 2186 1616 2244 vellent
1652 2188 1727 2244 ibi
1760 2188 1866 2261 eſje',
1903 2193 2031 2262 quia
2053 2197 2230 2254 vident

241 2263 398 2320 oculis
416 2260 536 2334 suis
573 2262 828 2332 homine53
879 2261 1075 2318 Sirenes
1092 2263 1242 2332 enim,
1294 2261 1424 2333 quia
1446 2258 1668 2334 fuerunt
1689 2263 1935 2320 adultere
1951 2276 2055 2337 prae
2078 2271 2228 2342 aliis,

239 2335 314 2397 ἅθ’
352 2353 542 2407 quoque
575 2345 756 2392 contra
797 2335 965 2391 omnia
1003 2333 1215 2406 coelestia
1236 2332 1310 2395 &²
1324 2335 1654 2407 siritualia,
1705 2354 1796 2391 non
1835 2337 2011 2413 videre
2040 2341 2226 2414 pffmt

244 2409 379 2467 alios
387 2408 624 2484 spiritus,
662 2425 822 2480 quam
842 2408 930 2478 qui
952 2408 1005 2464 in
1027 2410 1216 2465 lumine
1230 2406 1322 2483 sen
1339 2409 1455 2464 nali
1471 2408 1617 2479 fient,
1656 2411 1786 2480 quia
1808 2407 1912 2479 igtfie
1936 2413 2079 2468 tales
2082 2413 2225 2484 sunt.

317 2481 385 2552 63
399 2501 418 2535 1
433 2500 480 2537 2.
516 2483 672 2557 „Quia
693 2481 748 2537 in
763 2478 988 2553 sensuali
1024 2483 1108 2539 hoo
1143 2483 1334 2538 lumine
1354 2480 1564 2555 Inferna
1582 2481 1728 2554 fimt,
1760 2483 1866 2538 ideo
1885 2483 1976 2550 nist
1991 2486 2127 2542 homo
2149 2491 2222 2544 ab

240 2554 331 2611 illo
351 2556 610 2623 elevatur,
644 2571 736 2611 non
759 2553 903 2627 pottst
924 2573 1014 2610 non
1029 2556 1235 2627 perire,
1274 2557 1513 2611 elevatur
1544 2565 1634 2626 per
1675 2556 1857 2610 bonum
1887 2555 2024 2627 fidei.
2098 2563 2221 2619 Sunt

238 2629 407 2684 etiam
427 2625 637 2702 Inferna
701 2641 775 2682 uae
802 2627 858 2681 in
863 2625 1132 2701 subtiliore
1137 2626 1337 2701 sphaera
1345 2628 1493 2700 sunt,
1531 2627 1582 2684 in
1606 2628 1718 2683 illis
1743 2626 1870 2698 simi
1894 2631 1981 2699 qui
1995 2635 2220 2708 ‘maligni

220 2700 441 2775 suerunt
464 2703 626 2771 intus,
663 2645 738 2760 ΞΥ
772 2699 948 2773 plures
982 2711 1129 2757 artes
1151 2702 1571 2772 excogitaverunt
1609 2702 1907 2773 deprivandi
1947 2705 2078 2758 alios
2105 2708 2221 2779 suis

236 2775 398 2844 bonis,
435 2793 501 2829 ao
523 2773 695 2846 plures
717 2773 848 2829 dolos
869 2772 1310 2847 emachinatistmt
1330 2782 1391 2828 ut
1426 2774 1768 2846 imperarent.-
1791 2773 1886 2844 sed
1905 2776 2220 2846 observatum

235 2846 298 2920 ell
321 2849 452 2920 quod
470 2848 568 2903 haec
584 2846 791 2920 sphaera
813 2847 994 2921 irq‘luat
1018 2848 1072 2902 in
1081 2846 1621 2920 sphaeramftnficalem
1661 2857 1948 2914 externam,
1992 2848 2066 2908 θ’
2097 2856 2217 2923 qm*-

233 2924 347 2978 dem
370 2942 407 2978 a
425 2930 578 3047 plarte
600 2920 817 3066 tJtrgali,
854 2919 943 2975 ubi
966 2920 1325 2976 involuntaria
1343 2920 1580 2976 hominis.-
1622 2921 1734 2976 inde
1743 2919 1988 2992 sensttalis
2009 2923 2215 2994 sphaera

234 3004 352 3052 tam
374 3013 446 3050 va
471 2994 562 3049 ida
593 3012 620 3047 e
657 3033 670 3046 .

310 3067 375 3138 63
388 3088 407 3122 1
421 3087 468 3138 3.
506 3069 632 3122 Cum
655 3067 788 3123 homo
828 3066 1065 3122 elevatur
1100 3063 1280 3198 vegeat-s
1314 3066 1589 3135 interiora,
1628 3076 1747 3122 tunc
1774 3086 1809 3125 a
1835 3066 2023 3124 lumine
2060 3071 2217 3145 craffo'

216 3138 436 3214 senstaeali
466 3141 608 3197 venit
643 3141 699 3199 in
735 3141 899 3197 lumen
933 3139 1136 3211 mitius,
1218 3148 1392 3264 Gtunc
1415 3140 1587 3212 stmul
1625 3139 1899 3197 abducitur
1931 3141 2003 3198 ab
2027 3145 2217 3219 itfiuxu

843 3228 853 3232 “
1292 3229 1328 3283 g
1349 3229 1384 3282 g
1979 3220 2212 3286 scanda-
