2606 3646
372 212 532 279 *182
798 215 856 283 G
996 213 1093 283 E„
1195 213 1286 285 N
1385 214 1480 284 E
1558 214 1670 282 'S
1797 210 1844 284 I
1975 211 2072 290 S„

390 339 604 402 ignorum
641 341 838 402 homini,
873 346 999 394 causa
1028 346 1108 403 est,
1138 345 1246 408 quia
1280 345 1315 393 is
1349 344 1395 392 in
1432 345 1555 396 nulla
1587 346 1664 394 tali
1689 344 1977 410 perceptione
2017 344 2094 401 est,
2133 359 2188 391 ne
2211 345 2359 394 hilum

388 409 517 455 enim
546 409 623 455 scit
640 411 751 474 quid
776 412 816 457 ei
842 414 977 473 gratis
997 413 1214 468 donatur,
1252 412 1402 458 minus
1425 412 1538 476 quid
1562 412 1609 459 in
1635 413 1817 460 naturali
1841 411 2070 469 exteriori,
2109 412 2157 459 ὅτ
2182 414 2295 476 quid
2321 412 2368 460 in

398 474 595 521 interiori
624 478 857 538 reponitur
880 498 894 531 ;
930 478 1055 542 quod
1081 479 1126 524 id
1150 493 1240 524 non
1266 478 1504 541 percipiat,
1540 479 1797 525 communis
1819 479 1944 525 causa
1965 478 2046 534 est,
2082 480 2208 542 quod
2235 495 2368 526 mun-

392 539 512 587 dana
537 542 586 587 δε
611 540 799 589 terestria
824 541 862 590 ei
886 544 1009 603 cordi
1030 544 1131 600 sint,
1168 558 1259 590 non
1282 557 1436 590 autem
1460 543 1660 591 coelestia
1676 545 1725 591 δε
1749 543 2007 606 spiritualia,
2043 546 2090 592 δε
2115 546 2240 608 quod
2266 546 2372 593 ideo

386 623 488 652 rnon
509 609 657 654 credat
681 610 880 672 aliquem
916 609 1145 657 influxum
1170 625 1249 673 per
1280 610 1455 658 coelum
1487 611 1772 666 assDomino,
1808 609 1868 656 ita
1907 625 2199 673 nequaquam
2236 611 2368 675 quod

350 709 351 713 ,
395 672 569 737 aliquid
594 675 632 719 ei
654 673 878 729 donetur3
915 692 1022 723 cum
1056 689 1209 722 tamen
1229 692 1366 724 omne
1392 675 1434 722 id
1469 675 1810 740 verum‚‘quod
1845 675 2117 722 rationaliter
2139 677 2374 738 concludit

392 754 455 784 ex
490 740 754 795 scientificis‚
792 743 842 789 δε
878 755 1007 804 putat
1039 743 1163 805 quod
1184 758 1240 788 ex
1266 742 1449 805 propria
1469 743 1687 805 potentia,
1726 741 1779 788 fit
1803 742 1888 788 tale
1912 741 2040 804 quod
2064 744 2106 788 ei
2129 743 2323 795 donatur
2344 765 2359 798 ς

397 805 550 852 minus
575 807 719 869 potest
745 808 886 854 homo
909 807 1149 871 percipere,
1186 824 1297 854 num
1323 807 1368 855 id
1405 809 1605 872 positum
1638 807 1692 855 fit
1716 810 1760 855 in
1785 806 1991 854 exteriori
2017 808 2206 854 naturali
2231 809 2303 856 vel
2323 811 2371 856 in

395 870 621 929 interiori,
657 875 764 935 quia
781 874 952 936 ignorat
975 875 1100 938 quod
1127 874 1324 921 naturale
1347 873 1401 922 fit
1426 874 1601 930 binum,
1638 889 1802 937 nempe
1826 874 2025 922 exterius
2049 872 2174 937 quod
2199 874 2374 932 accedit

393 938 454 984 ad
474 937 619 1002 sensus
642 953 865 996 externOS,
901 941 950 988 &
975 941 1159 988 interius
1176 940 1303 1004 quod
1328 940 1492 989 recedit
1508 941 1566 990 ab
1584 940 1671 989 illis
1688 942 1738 989 δε
1754 939 1980 988 convertit
1998 939 2041 986 se
2055 939 2112 987 ad
2131 940 2342 1003 rationale
2359 962 2374 996 3

390 1007 504 1066 quia
524 1006 664 1053 homo
683 1005 728 1052 in
754 1006 1004 1070 ignorantia
1022 1007 1085 1054 est
1102 1007 1159 1054 de
1176 1007 1246 1055 his
1263 1007 1313 1055 &
1333 1006 1435 1062 illis,
1470 1005 1641 1054 idcirco
1660 1006 1770 1060 nihil
1793 1006 2096 1070 perceptionis
2120 1006 2278 1070 habere
2292 1023 2376 1071 po·

398 1071 483 1119 test
517 1072 574 1119 de
612 1072 792 1130 taiibus,
827 1073 1036 1134 cognitio
1059 1074 1121 1120 rei
1147 1074 1371 1135 praecedet
1389 1085 1441 1119 ut
1463 1072 1523 1123 fit.
1539 1071 1630 1134 ejus
1654 1075 1892 1136 perceptio
1918 1090 1947 1127 ες
1962 1084 2011 1119 at
2034 1070 2271 1124 societates
2290 1090 2371 1121 an-

393 1138 562 1199 gelicae
585 1138 683 1186 haec
718 1141 858 1202 probe
879 1141 928 1187 ὅτ
951 1140 1070 1186 clare
1097 1139 1239 1186 sciunt
1271 1139 1321 1186 &
1362 1138 1638 1202 percipiunt,
1677 1154 1771 1185 non
1809 1138 1951 1184 modo
1985 1137 2099 1201 quid
2123 1138 2211 1184 illis
2234 1139 2376 1202 gratis

392 1205 610 1261 donatur,
646 1204 719 1251 sed
744 1207 882 1252 etiam
908 1206 1096 1252 ubinam
1121 1204 1167 1251 id
1191 1204 1288 1260 est3
1326 1204 1454 1268 quod
1475 1204 1678 1257 constare·
1700 1205 1847 1267 potest
1871 1203 1928 1251 ab
1950 1203 2031 1252 hac
2064 1205 2378 1265 experienti-45

394 1287 505 1319 cum
529 1271 693 1335 aliquis
717 1270 915 1334 spiritus,
950 1272 1037 1337 qui
1070 1271 1116 1318 in
1140 1270 1266 1318 bono
1289 1269 1352 1317 est
1386 1271 1436 1318 δε
1460 1270 1567 1321 inde
1590 1272 1637 1333 in
1654 1270 1893 1335 facultate,
1931 1269 1977 1316 in
2003 1268 2262 1319 societatem
2302 1288 2380 1319 an-

397 1337 596 1399 gelicam
632 1337 787 1394 venit,
802 1349 912 1386 tunc
936 1338 972 1386 is
995 1337 1128 1386 simul
1152 1337 1277 1397 venit
1301 1336 1347 1384 in
1370 1352 1564 1386 omnem
1589 1334 2251 1398 scientiam&intelligentiam
2267 1354 2378 1402 quae

394 1404 597 1453 societati
630 1404 710 1460 est,
748 1403 908 1468 inqua
932 1409 1023 1452 non
1047 1404 1173 1469 prius
1194 1402 1357 1460 fuerat,
1392 1405 1443 1452 δε
1478 1414 1589 1452 tunc
1625 1416 1736 1458 non,
1752 1404 1881 1450 aliter
1915 1401 2012 1462 scit,
2066 1418 2209 1465 quam
2249 1404 2379 1468 quod

395 1470 579 1520 sciverit
599 1470 643 1517 id
677 1471 1050 1519 &intellexerint
1078 1470 1283 1534 irapprius
1301 1471 1352 1518 &
1375 1486 1402 1518 a
1424 1471 1484 1526 se,
1500 1526 1502 1529 r
1518 1481 1565 1518 at
1590 1485 1700 1517 curn
1730 1469 1942 1527 reflec'tit,
1979 1470 2235 1533 appercipit
2255 1471 2383 1535 quod

399 1538 449 1586 id
473 1537 512 1584 ei
540 1552 622 1600 per
646 1536 901 1584 societatem
927 1537 1048 1585 illam
1090 1535 1367 1601 Angelicam
1404 1552 1430 1584 a
1453 1536 1663 1584 Domino
1686 1537 1824 1599 gratis
1848 1535 2076 1591 donetur,
2112 1537 2161 1583 δε
2191 1552 2381 1602 quoque

398 1604 481 1653 scit
498 1619 554 1650 ex
573 1603 780 1650 societate
805 1603 1006 1668 angelica
1025 1603 1215 1652 ubinam
1232 1603 1311 1659 est,
1348 1619 1464 1652 num
1488 1601 1534 1649 id
1561 1602 1607 1650 in
1630 1603 1818 1651 naturali
1842 1601 2054 1656 exteriori
2077 1615 2152 1649 aut
2176 1602 2221 1648 in
2249 1616 2382 1655 natu-

398 1670 482 1718 rali
523 1669 726 1717 interiori
759 1669 846 1725 fit;
883 1670 985 1718 sunt
1018 1671 1143 1717 enirn
1167 1668 1397 1717 societates
1419 1668 1640 1730 angelicae
1660 1686 1768 1733 quae
1790 1669 1836 1716 in
1859 1665 2072 1718 exteriori
2097 1668 2302 1725 naturali,
2327 1669 2380 1719 δε

399 1739 504 1786 sunt
525 1752 633 1800 quae
651 1736 695 1783 in
721 1735 922 1785 interiori
942 1758 957 1792 ;
991 1747 1035 1784 at
1057 1737 1263 1784 naturale
1287 1750 1378 1784 non
1403 1734 1490 1785 illis
1515 1734 1579 1782 est
1602 1735 1799 1785 naturale
1820 1735 1955 1800 quale
1979 1734 2178 1798 hominib,
2220 1734 2296 1784 sed
2315 1731 2382 1784 est

401 1803 605 1852 naturale
623 1802 863 1866 spirituale,
899 1803 1026 1867 quod
1060 1801 1291 1866 spirituale
1309 1801 1486 1853 *factum
1520 1801 1585 1849 est
1619 1818 1699 1867 per
1732 1801 1798 1860 id,
1834 1801 1962 1866 quod
2001 1799 2302 1865 conjunffitum
2325 1802 2384 1866 ;&

401 1869 653 1933 subjectum
672 1869 724 1916 sit
738 1868 969 1933 spirituali.
1039 1869 1115 1918 Ex
1138 1868 1206 1916 his
1226 1867 1423 1916 constare
1446 1867 1621 1932 potest,
1646 1867 1770 1933 quod
1793 1884 1900 1933 quae
1914 1867 1998 1926 fhic
2021 1866 2068 1914 in
2092 1866 2218 1931 sensu
2244 1867 2382 1934 inter-

397 1952 466 1986 no
490 1948 817 1994 memorantur,
855 1936 1094 1984 actualiter
1126 1934 1188 1983 ita
1208 1933 1402 1983 existant
1431 1935 1477 1982 in
1500 1935 1638 1983 altera
1678 1935 1789 1992 vita,
1823 1934 1951 2000 quod
1984 1949 2153 1998 nempe
2182 1930 2390 1999 apperci-

401 2004 530 2068 piant
552 2002 666 2066 quid
689 2001 778 2050 illis
807 2005 944 2067 gratis
966 2003 1180 2060 donatur,
1217 2013 1318 2051 tum
1352 2000 1537 2053 ubinam
1562 2002 1611 2050 id
1635 2002 1886 2066 reponitur,
1923 2000 2098 2061 tametsi
2131 1999 2387 2060 homobo-

400 2070 479 2118 die
498 2067 610 2116 nihil
634 2068 691 2115 de
708 2067 872 2118 talibus
890 2069 996 2118 sciat
1022 2091 1037 2125 ;
1071 2078 1118 2116 at
1138 2069 1184 2116 in
1209 2067 1411 2132 antiquis
1429 2069 1733 2132 temporibus,
1769 2066 1833 2115 illi
1858 2065 1937 2133 qui
1958 2065 2139 2128 fuerunt
2154 2065 2390 2133 adecclve-

402 2137 480 2192 sia,
517 2135 620 2182 talia
659 2134 902 2194 sciverunt,
937 2136 1174 2186 scientifica
1199 2150 1361 2187 eorum
1385 2134 1649 2190 docebant·,
1677 2136 1732 2189 ,δε
1755 2149 1942 2199 quoque
1977 2131 2256 2196 doetrinalia,
2278 2130 2390 2184 tfue-

403 2213 512 2251 tunt
532 2201 601 2249 illi
635 2200 865 2250 interiores
890 2202 1118 2258 homineS,
1155 2201 1228 2248 sed
1261 2202 1318 2248 ab
1348 2201 1435 2249 illis
1460 2201 1741 2264 temporibus
1775 2199 1983 2247 homines
2007 2198 2241 2262 successive
2275 2197 2386 2248 faeti

404 2268 511 2317 :sunt
531 2268 796 2325 exteriores,
838 2267 975 2332 usque
996 2268 1111 2317 adeo
1141 2279 1192 2315 ut
1229 2265 1368 2313 hodie
1393 2266 1439 2313 in
1471 2283 1663 2331 corpore
1695 2267 1796 2322 sint,
1832 2266 1895 2313 ita
1919 2264 1966 2312 in
1983 2275 2224 2326 extremm
2259 2260 2386 2328 cujus

405 2337 468 2383 rei
491 2333 717 2382 indicium
740 2334 836 2390 est,
855 2334 984 2398 quod
1007 2351 1064 2382 ne
1084 2331 1280 2398 quidem
1315 2331 1451 2380 sciant
1480 2333 1594 2397 quid
1634 2331 1862 2396 spirituale
1897 2332 1955 2392 &Z
1985 2329 2119 2395 quid·
2141 2330 2388 2391 internum,

402 2403 460 2451 &
482 2399 608 2466 quod
629 2415 717 2448 nec
746 2400 925 2450 credant
949 2401 1077 2465 quod
1101 2401 1219 2454 fint3
1254 2398 1352 2446 imo
1373 2399 1429 2446 ad
1454 2399 1542 2447 tale
1564 2411 1822 2448 extremum
1846 2397 1892 2446 in
1916 2412 2104 2461 corpore
2121 2397 2180 2446 ab
2204 2397 2388 2448 interio-

407 2469 532 2516 ribus
548 2465 807 2524 abiverunt,
842 2479 896 2514 ut
912 2482 968 2514 ne
990 2467 1180 2530 quidem
1204 2464 1387 2518 credant
1408 2465 1536 2530 quod
1553 2465 1656 2514 -vita
1679 2464 1733 2513 fit
1765 2463 1868 2529 post
1896 2477 2118 2522 inrortem,
2153 2479 2236 2512 nec
2253 2464 2383 2530 quod

402 2533 578 2582 coelum
597 2548 677 2579 nec
701 2532 957 2587 infernum;
994 2532 1092 2582 imo
1108 2549 1167 2580 ex
1197 2531 1431 2578 receffione
1461 2532 1517 2579 ab
1548 2531 1833 2580 interioribus
1863 2530 2003 2595 usque
2037 2530 2085 2578 in
2117 2529 2206 2604 tale
2244 2543 2397 2579 extre-

411 2615 563 2654 mum,
593 2612 691 2646 tarn
717 2598 885 2663 stupidi
909 2599 955 2645 in
979 2596 1282 2663 spiritualibus
1304 2596 1415 2649 faerit
1438 2597 1558 2654 sunt,
1589 2609 1642 2654 ut
1663 2598 1850 2655 credant
1872 2599 2016 2645 vitam
2038 2595 2238 2650 hominis
2265 2595 2389 2646 fimi·

410 2668 504 2714 lem
527 2663 613 2711 effe
637 2666 745 2711 vitae
768 2665 1027 2722 bestiarum,
1051 2666 1101 2715 &
1126 2665 1183 2712 fic
1202 2662 1440 2711 hominem
1465 2663 1671 2712 similiter
1695 2659 1968 2712 moriturum
1988 2684 2003 2718 ·,
2038 2663 2088 2722 ὅτ.
2113 2661 2388 2726 querimini·

411 2734 519 2787 bile,
556 2729 645 2778 tale
667 2732 858 2781 credunt
877 2731 1040 2780 eruditi
1061 2743 1158 2796 prae
1189 2728 1483 2793 fimplicibus,
1516 2731 1570 2780 &
1592 2730 1675 2797 qui
1697 2730 1822 2788 aliter
1837 2730 1998 2791 credit,
2020 2726 2107 2793 pr‘o
2121 2727 2314 2796 simplici
2332 2728 2390 2778 ab

411 2799 498 2848 illis
525 2797 727 2845 habetur.

483 2864 543 2924 56
549 2878 626 2924 50.
663 2863 744 2910 Ad
767 2863 1112 2912 devolvendum
1136 2863 1268 2928 super
1290 2878 1388 2921 nos,
1423 2864 1472 2913 &
1490 2863 1546 2912 ad
1563 2863 1896 2928 conjiciendum
1914 2861 1956 2910 se
1970 2860 2101 2924 super
2119 2875 2216 2916 nos,
2253 2861 2383 2925 quod

411 2931 635 2993 significet
657 2929 796 2993 quod.
822 2942 1009 2994 propter
1037 2930 1084 2977 id
1117 2930 1197 2979 sub
1230 2930 1495 2994 potestatem
1531 2930 1785 2980 absolutam
1807 2928 2133 2991 redigerentur,
2167 2928 2340 2976 constat
2361 2945 2388 2977 a

411 2994 739 3057 significatione
762 2995 1156 3059 devolvere-super
1194 2997 1413 3061 aliquem,
1447 2997 1574 3062 quod
1608 2998 1659 3046 sit
1685 2995 1830 3045 sistere
1852 2995 1983 3053 illurn
2008 2993 2054 3040 in
2079 2992 2244 3057 culpa3
2281 2995 2332 3043 ὅτ
2360 3011 2388 3043 a

410 3061 737 3124 fignificatione
766 3061 986 3125 conjicere
1020 3061 1061 3110 se
1095 3061 1225 3125 super
1256 3062 1476 3125 aliquem,
1511 3062 1721 3127 quodvfit
1753 3061 1956 3123 redigere
1984 3059 2066 3107 iub
2099 3058 2387 3122 potestatem,

410 3129 486 3174 hic
501 3126 771 3185 absolutam,
806 3128 1007 3193 sequitur
1025 3129 1167 3185 enirn,
1204 3136 1236 3158 “
1254 3128 1312 3175 ad
1331 3128 1604 3182 sumendum
1622 3142 1705 3192 nos
1727 3128 1782 3184 in.
1799 3125 1964 3182 servos,
1998 3124 2141 3172 asinos
2165 3124 2391 3175 nostrOS.'’

410 3193 537 3244 Haec
563 3192 602 3241 se
639 3192 699 3242 ita
733 3195 914 3254 habent,
949 3207 1196 3262 antequam
1219 3191 1510 3259 conjungitur
1539 3192 1756 3246 naturalis
1775 3192 1922 3243 homo
1945 3190 2182 3256 spirituali,
2219 3191 2294 3240 seu
2313 3207 2391 3243 ex-

2237 3270 2385 3309 Lerni-18
