2566 3640
603 0 1049 33 ‚·W'fflffrr-.5‹vzsssst-ssnr·w=
1071 0 1134 34 ³3¹
1149 0 1163 5 ··
1181 0 1190 10 ν
1208 0 1212 2 >
1229 0 1263 13 w·
1305 0 1318 10 ν
1347 0 1352 5 ,
1411 0 1418 9 ι
1511 0 1514 3 -
1563 0 1566 3 -

1085 48 1094 55 .
1414 44 1421 52 .

279 215 1479 325 CAPUT-QUADRAGESMUM
1522 219 2021 309 oeTAvuM.
2099 220 2238 329 §87

202 398 207 403 ·
243 370 362 439 'quae
384 372 622 439 praecedit,
644 386 799 436 xquam
834 370 958 436 quod
990 369 1044 418 fit
1066 367 1352 418 resurrrec‘tio
1385 369 1436 417 in'
1468 363 1641 426 vitain,
1687 384 1795 418 narn
1829 385 1934 418 cum
1964 370 2135 433 cogitat
2162 373 2223 419 de

244 443 385 500 coelo,
420 438 631 488 abstrahit
665 443 708 486 ie
741 438 800 486 ab
834 438 935 485 idea
965 437 1023 484 de
1057 452 1265 500 corpore,
1325 436 1553 501 imprimis
1584 451 1690 484 cum
1728 430 1919 500 aegrotat
1951 437 2001 484 &
2036 440 2225 503 propius

246 509 306 556 ad
337 519 535 556 mortem
558 507 715 560 venit;
768 505 875 552 inde
913 515 1057 570 patet,
1107 504 1236 567 quod
1255 502 1495 567 spiritualis
1534 504 1632 550 idea
1654 503 1713 550 de
1731 516 1879 551 morte
1911 505 2132 567 corporis,
2169 505 2226 552 fit
2267 548 2269 550 .

245 575 307 623 de
327 589 452 622 novo
466 574 602 620 vitae:
639 585 920 637 quapropter
951 587 1061 619 cum
1096 571 1156 617 de
1191 569 1510 617 resurrectione
1544 585 1624 619 aut
1646 570 1704 616 de
1738 571 2098 632 regenerationes
2120 573 2226 634 vagi-

245 654 327 692 tur-
364 639 411 687 in
451 640 610 697 Coelo,
675 640 726 687 &
773 640 861 686 hoc
905 638 1072 686 labitur
1113 636 1348 694 deorsum,
1406 637 1457 684 δε
1502 637 1836 684 determinatur
1878 639 1925 684 in
1968 638 2073 685 talia
2115 653 2225 701 quae

244 707 350 756 sunt
391 709 572 765 mund-i,
621 705 747 769 quod
789 722 880 752 non
915 706 1048 752 aliter
1084 704 1214 752 cadat
1251 718 1392 767 quam
1432 704 1479 749 in
1512 704 1687 751 similia.
1756 703 1827 752 Ita
1867 704 1908 751 se
1943 704 2078 752 habet
2110 721 2222 754 cum

245 775 428 832 Verbo,
487 775 575 822 hoc
613 771 765 836 quoad
805 773 962 820 omnia
996 773 1049 819 ὅτ
1086 770 1259 832 fingula
1297 767 1527 816 descendit
1561 786 1619 818 ex
1651 771 1877 828 Domino,
1930 786 1981 818 ac
2019 773 2229 820 tranfivit

243 857 328 905 per
348 843 540 896 coelum,
584 840 724 901 usque
747 839 792 885 in
819 839 1063 894 mundum,
1114 837 1163 883 in
1187 835 1396 884 descensu
1420 835 1574 883 induit
1596 836 1638 883 se
1669 835 1832 884 formis
1871 836 2122 903 adaequatis
2165 838 2225 887 ad

246 920 440 971 captum
466 910 510 954 in
537 905 704 969 triplici
726 905 867 961 coelo,
902 905 952 951 δε
978 902 1163 958 tandem
1188 901 1335 961 form-a
1356 902 1417 950 ad
1440 915 1630 968 captum
1656 902 1874 960 hominiS,
1909 920 2016 969 quae
2040 906 2104 954 est
2125 906 2223 953 sen-

248 975 317 1023 sus
342 973 543 1021 literalis·

315 1042 459 1088 6222.
498 1038 752 1099 Etaccepit
769 1037 882 1084 duos
902 1037 1019 1084 filios
1037 1035 1133 1083 suos
1157 1035 1325 1092 secum,
1362 1035 1642 1085 Menaschen
1664 1038 1714 1085 δε
1732 1037 2063 1102 Ephraimum,
2097 1035 2229 1101 quod

245 1105 470 1169 fignificet
494 1104 1073 1154 Ecclefiae·V01untariurn
1112 1105 1162 1151 δε
1198 1103 1764 1161 ΕεεΙεΙὶεΒφΙῃῑεΗεᾶυειΙΕ
1803 1106 1860 1151 ab
1900 1104 2082 1151 Interno
2108 1117 2228 1161 nata,

247 1173 423 1221 constat
445 1187 504 1219 ex
528 1171 918 1235 repraesentatione
957 1170 1237 1226 Menaichis,
1267 1171 1394 1232 quod
1419 1172 1474 1219 fit
1509 1186 1686 1218 novum
1727 1171 2053 1219 voluntarium
2079 1171 2124 1217 in
2151 1187 2229 1218 na-

247 1239 402 1297 turali,
428 1240 478 1287 ὅτ
501 1238 633 1303 quale
656 1237 768 1300 ejuS,
794 1237 851 1283 de
873 1254 964 1302 qua
990 1254 1016 1283 n
1031 1253 1042 1283 ε
1059 1252 1192 1300 5354
1213 1235 1269 1283 ad
1295 1238 1384 1284 fin:
1409 1239 1460 1286 δε
1478 1253 1535 1285 ex
1549 1235 1940 1301 repraesentatione
1961 1237 2236 1301 Ephraimi,

249 1305 382 1371 quod
416 1305 469 1353 fit
507 1321 684 1352 novum
723 1304 1032 1356 Intellectuaie
1057 1306 1103 1350 in
1127 1303 1334 1359 naturali,
1383 1305 1433 1352 &
1470 1304 1601 1370 quale
1638 1303 1749 1368 ejus,
1785 1305 1843 1351 de
1867 1321 1958 1368 qua
1982 1321 2039 1351 n:
2065 1320 2123 1367 53
2133 1322 2232 1367 543

248 1373 377 1437 quod
401 1371 461 1421 ab
482 1372 665 1421 Interno
684 1385 786 1419 nata
809 1371 911 1426 suit,
949 1370 1225 1432 significatur
1244 1386 1325 1433 per
1340 1371 1466 1434 quod
1491 1372 1631 1418 essent
1654 1372 1738 1418 filii
1764 1371 1973 1435 Josephi‚
1993 1387 2071 1434 per
2087 1388 2235 1436 quem

250 1439 449 1489 Coeleste
483 1438 721 1486 Internum
762 1437 1122 1501 repraesentatur,
1158 1454 1212 1485 n:
1240 1436 1381 1500 5869.
1418 1441 1563 1502 5877.
1638 1438 1768 1500 Qrid
1793 1437 2008 1485 Ecclefiae
2033 1438 2238 1490 Intellec-

251 1506 391 1563 tuale,
427 1507 479 1553 &
518 1505 733 1553 Ecclefiae
770 1504 1115 1559 Voluntarium‚
1160 1504 1406 1551 dicendum
1431 1504 1530 1558 est3
1567 1503 1787 1553 Ecclefiae
1822 1503 2130 1551 Intelleciuale
2170 1505 2236 1552 est

252 1573 487 1637 percipere
517 1588 576 1620 ex
610 1573 786 1627 Verbo,
834 1572 950 1635 quid
992 1585 1150 1618 verum
1189 1569 1317 1626 fidei,
1352 1571 1404 1617 ὅτ
1426 1571 1541 1635 quid
1565 1573 1740 1618 bonum
1776 1570 2037 1626 charitatis;
2072 1586 2237 1620 notum

248 1639 332 1696 est,
367 1639 495 1704 quod
522 1636 665 1687 sensus
689 1637 871 1686 literalis
895 1636 1038 1685 Verbi
1062 1636 1160 1684 talis
1184 1637 1254 1693 fit,
1289 1648 1358 1694 ut,
1394 1637 1707 1702 quodcunque
1745 1636 1918 1701 dogma
1958 1638 2100 1686 homo
2124 1638 2237 1686 arri-'

250 1707 342 1771 pit,
375 1722 434 1753 ex
459 1706 538 1755 illo
564 1705 687 1753 sensu
713 1706 759 1752 id
784 1705 1062 1758 confirmet·,
1098 1704 1227 1751 causa
1251 1702 1331 1760 est,
1368 1721 1475 1768 quia
1499 1704 1594 1760 illa,
1630 1721 1738 1769 quae
1761 1703 1864 1752 sunt
1886 1705 2031 1752 sensus
2054 1705 2239 1753 literalis
2334 1754 2339 1760 ,

253 1773 417 1831 Verbi,
461 1773 556 1820 sunt
579 1771 680 1819 vasa
702 1772 983 1826 communia,
1020 1787 1129 1835 quae
1152 1770 1378 1834 recipiunt
1401 1787 1525 1826 vera,
1562 1772 1613 1820 ὅτ
1633 1771 1758 1837 quod
1783 1772 1881 1822 vasa
1905 1771 1995 1828 illa,
2035 1788 2126 1819 non
2154 1767 2238 1819 'nifi

254 1856 394 1904 quarn
417 1855 520 1886 cum
541 1837 791 1901 receperint
811 1853 937 1892 vera,
966 1843 1231 1900 appareant,
1266 1836 1391 1901 quafi
1416 1853 1496 1901 per
1515 1839 1896 1902 transparentiam‚
1932 1839 2083 1903 qualia
2108 1838 2242 1895 sunt·,

236 1906 320 1953 ·ita
343 1904 471 1969 quod
500 1904 584 1951 sint
609 1904 752 1951 modo
787 1906 1068 1961 communia,
1105 1920 1214 1968 quae
1233 1903 1297 1950 ab*
1311 1904 1505 1951 homine
1535 1905 1739 1968 primurn
1767 1905 2007 1952 haurienda
2033 1906 2152 1962 sunt,
2190 1919 2244 1953 ut

254 1984 362 2035 apte
386 1972 581 2034 recipere
604 1972 739 2034 posfit
763 1971 1044 2032 particularia
1068 1972 1118 2018 δε
1144 1970 1375 2031 singularia
1395 1988 1405 2017 t
1443 1972 1568 2036 quod
1597 1971 1739 2018 sensus
1764 1972 1943 2035 literalis
1966 1974 2110 2020 Verbi
2136 1972 2237 2019 talis

255 2039 322 2095 fit,
348 2052 397 2087 ut
412 2037 718 2101 quodcunque
741 2037 915 2100 dogma
933 2038 1074 2084 homo
1107 2036 1281 2099 arripit,
1305 2054 1379 2084 ‚ex
1400 2036 1481 2083 ilio
1505 2038 1629 2086 sensu
1652 2038 1914 2096 confirmet,
1947 2051 2073 2102 patet
2099 2039 2243 2086 mani-

257 2105 368 2153 feste
390 2120 449 2152 ex
475 2117 543 2151 tot
559 2103 818 2160 haerefibUS,
838 2120 947 2167 quae
960 2103 1007 2150 in
1018 2103 1215 2150 Ecclefia
1231 2102 1419 2159 fuerunt,
1440 2105 1488 2151 δε
1504 2122 1612 2168 quae
1622 2105 1766 2153 adhuc
1782 2104 1900 2158 sunt,
1920 2118 2118 2169 quarum
2136 2121 2243 2152 una-

256 2174 434 2237 quaevis
457 2187 483 2217 a
506 2169 715 2218 Sectariis
749 2171 1045 2217 confirmatur
1068 2186 1123 2217 ex
1149 2170 1273 2216 sensu
1312 2169 1473 2217 literali
1507 2172 1672 2229 Verbi,
1717 2188 1768 2218 ac
1805 2173 1863 2218 ita
1887 2172 1945 2219 ab
1970 2170 2052 2219 iliis
2074 2173 2244 2219 confir„

257 2251 423 2295 matur,
458 2249 512 2284 ut
534 2236 709 2301 prorsus
730 2236 932 2284 credatur
956 2236 1083 2301 quod
1112 2238 1168 2284 ita
1193 2237 1245 2284 fit
1274 2258 1287 2290 3
1321 2238 1370 2284 ὅτ
1397 2252 1504 2285 tunc
1526 2238 1559 2285 fi
1584 2239 1732 2303 ipsum
1757 2254 1919 2286 verum
1944 2239 2000 2285 de
2023 2239 2142 2285 coelo
2160 2256 2240 2286 au-

256 2306 427 2359 dirent,
462 2319 519 2351 ne
547 2303 695 2351 hiium
728 2304 1012 2366 reciperent3
1048 2303 1177 2351 causa
1200 2302 1279 2359 est,
1315 2304 1443 2369 quod
1469 2304 1554 2351 illis
1579 2322 1669 2352 non
1697 2297 2244 2354 Ecclefiaeintenestuaie

258 2371 344 2419 fit:
382 2370 596 2418 Ecclefiae
617 2370 741 2418 enim
767 2369 1076 2418 Intellestuale
1092 2369 1171 2426 est,
1206 2385 1312 2417 cum
1332 2371 1476 2419 homo
1497 2371 1609 2435 legit
1626 2373 1851 2427 Verbum,
1888 2374 1938 2420 &
1962 2388 2108 2419 unum
2133 2389 2242 2420 cum

258 2437 400 2486 altero
422 2436 577 2485 sedulo
601 2435 798 2492 confert,
834 2436 961 2499 quod
997 2437 1216 2500 percipiat
1242 2436 1347 2483 inde
1372 2438 1485 2501 quid
1509 2439 1805 2494 credendum,
1843 2441 1894 2486 &
1925 2439 2038 2502 quid
2076 2438 2243 2486 facien-

260 2504 374 2552 dum
399 2524 413 2557 ·,
450 2503 536 2550 hoc
567 2519 660 2550 non
695 2503 815 2550 cadit
844 2504 926 2550 nifi
951 2503 1002 2549 in·
1021 2505 1130 2550 tales
1153 2503 1231 2564 qui
1258 2503 1536 2550 illustrantur
1559 2521 1584 2551 a
1610 2505 1837 2561 Domino,
1874 2506 1924 2552 &
1945 2521 2131 2568 quoque
2155 2506 2239 2570 qui

263 2571 310 2618 in
346 2570 471 2616 Orbe
503 2569 759 2616 Christiano
794 2569 993 2616 illustrati
1028 2585 1282 2621 vocantur·,
1330 2571 1380 2616 &
1419 2570 1648 2617 illustratio
1684 2570 1755 2617 illa
1794 2587 1884 2617 non
1921 2572 2039 2618 cadit
2063 2574 2106 2618 in
2131 2572 2244 2619 alios

260 2652 405 2702 quam
430 2635 475 2682 in
512 2636 624 2683 tales
645 2636 727 2699 qui
753 2651 854 2682 vera
888 2634 994 2682 scire
1020 2635 1286 2689 defiderant,
1323 2650 1414 2682 non
1441 2634 1628 2699 propter
1649 2636 1819 2686 famam
1843 2639 1894 2685 δε
1915 2637 2126 2700 gloriam,
2166 2639 2242 2687 sed

263 2716 453 2768 propter
475 2701 619 2749 vitam
642 2703 691 2751 δε
714 2700 850 2749 usum
871 2721 887 2755 ;
924 2701 1017 2764 ipla
1039 2701 1110 2747 illa
1133 2701 1372 2748 illustratio
1396 2703 1608 2766 recipitur
1626 2702 1995 2751 :ib-Intellectuali
2018 2705 2139 2767 apud
2163 2705 2247 2752 ho-

264 2758 460 2830 minem,
498 2784 605 2815 nam
639 2767 945 2816 Intelleemale
968 2767 1032 2814 est
1053 2769 1182 2832 quod
1207 2767 1485 2827 illustratur·‚
1523 2770 1609 2817 hoc
1645 2783 1770 2833 patet
1807 2771 2039 2818 manifeste
2072 2787 2130 2818 ex
2169 2788 2243 2828 eo,

262 2836 390 2902 quod
413 2835 495 2899 qui
520 2850 684 2898 parum
726 2830 1042 2880 intelleetualis'
1063 2835 1244 2890 habent,
1281 2851 1568 2900 nequaquam
1596 2834 1759 2899 poffint
1782 2853 1837 2883 ex
1861 2838 2015 2884 Verbo
2048 2838 2153 2885 talia
2175 2838 2245 2886 vi-

265 2904 389 2960 dere,
427 2902 503 2949 sed
536 2900 662 2965 quod
702 2900 841 2947 fidem
883 2900 1076 2949 babeant
1113 2900 1200 2948 illis
1221 2916 1338 2966 quos
1372 2903 1564 2950 credunt
1588 2903 1823 2951 illustratos
1846 2903 1946 2953 effe.
2020 2904 2243 2952 Praeterea

267 2969 516 3023 sciendum,
554 2965 683 3031 quod
706 2966 787 3031 qui
813 2966 1061 3028 regenerati
1086 2966 1209 3023 sunt,
1248 2967 1468 3031 accipiant
1491 2986 1514 3015 a
1540 2970 1750 3018 Domino
1785 2969 2089 3018 Intellectuale
2113 2972 2244 3036 quod

270 3034 473 3083 illustrari
498 3033 664 3097 potest,
705 3033 769 3080 est
792 3033 874 3080 lux
896 3034 999 3080 coeli
1024 3049 1049 3079 a
1074 3034 1303 3089 Domin0‚
1338 3051 1443 3097 quae
1468 3036 1618 3083 influit
1642 3037 1685 3083 in
1712 3037 2032 3095 Intellectuale‚
2068 3054 2117 3084 ac
2141 3038 2245 3085 iliu-

271 3099 377 3149 strat
398 3101 507 3148 illud
530 3121 544 3154 ;
579 3099 886 3147 Intellectuale
904 3102 1029 3148 enim
1050 3116 1137 3147 non
1157 3097 1337 3148 aliunde
1357 3101 1477 3149 suam
1498 3102 1664 3159 lucem,
1701 3103 1832 3149 suum
1852 3103 2021 3160 visum,
2055 3105 2248 3167 proinde

272 3164 397 3213 iham
434 3168 778 3230 perceptionem
821 3167 971 3216 habet.
1042 3166 1130 3214 Sed
1168 3166 1474 3216 Intellectuale
1499 3168 1601 3227 hoc,
1640 3169 1767 3234 quod
1794 3169 2009 3218 Ecclesiae
2049 3171 2252 3227 Intellec-

267 3230 390 3283 male
413 3244 628 3299 vocamr,
646 3234 832 3287 interius
848 3234 928 3294 est,
964 3231 1461 3348 quamgntesseetualffi
1497 3236 1624 3301 quod
1649 3235 1793 3285 modo
1816 3235 1881 3285 est
1903 3253 1960 3285 ex
1984 3237 2253 3324 scientifici}

1178 3315 1203 3347 c
1224 3315 1248 3347 c
1287 3315 1311 3347 2
2191 3317 2254 3350 eat
