2566 3640
443 179 749 278 CAPUT
767 226 776 231 ·
791 165 1649 292 'QUADRAGESIMUM
1690 151 2089 289 Nonth.
2140 232 2232 300 μ
2238 233 2288 302 9

219 362 228 368 ,
291 321 344 371 ὅτ
368 322 518 373 adhuc
542 319 707 385 magis,
741 335 850 368 cum
875 319 1082 383 specifica
1096 319 1163 368 illi
1182 320 1427 384 suscipiunt
1445 321 1716 372 variationes
1734 320 1975 385 singulares
1997 323 2279 385 innumeras,

238 396 255 408 ‘
293 390 344 438 ὅτ
363 390 421 438 fic
442 406 578 454 porro
598 410 614 443 ς
659 387 789 453 quod
812 379 920 434 inde
942 386 1133 455 existant
1156 387 1423 437 variationes
1447 389 1664 454 infinitae,
1711 388 1916 437 illustrari
1958 389 2105 452 potest
2127 406 2152 436 a
2174 406 2272 453 per-

292 457 501 520 pluribus
523 457 571 504 in
595 470 753 504 natura
773 471 785 501 z
832 453 939 501 inde
963 452 1088 501 nunc'
1104 453 1186 511 est,
1230 455 1358 520 quod
1384 471 1464 519 per
1485 455 1734 504 duodecim
1758 455 1930 504 Tribus
1951 456 2074 503 aliud
2098 456 2274 519 fignifi-

292 537 439 580 cetur‚·
468 538 576 570 cum
601 521 647 569 in
670 537 763 569 uno
783 520 942 568 ordine
965 520 1259 571 nominantur
1279 522 1327 569 in
1345 522 1520 579 Vei-bc,
1569 537 1710 586 quam
1732 537 1839 570 cum
1860 524 1906 571 in
1928 521 2070 571 altero
2090 542 2109 577 3
2144 526 2206 570 ita
2226 540 2278 570 a·

292 588 392 638 liud
415 589 463 637 in
478 589 567 636 hoc
593 590 755 652 Capite
779 603 918 652 quam
936 587 1059 636 alibi.
1954 604 1956 606 >
2094 602 2096 606 ¹
2191 600 2196 604 ’

307 660 319 709 j
363 656 510 718 6338.
548 653 930 716 congregamini,
967 654 1094 719 quod
1118 654 1346 716 significet
1360 667 1409 703 ut
1434 654 1527 720 ipsa
1551 654 1594 703 se
1614 654 1847 712 ordinent,
1898 653 2073 703 constat
2089 672 2116 703 a
2136 655 2289 720 figni·.

290 721 505 769 ficatione
528 722 814 785 congregari,
866 721 996 784 quod
1020 719 1074 768 fit
1089 721 1306 779 ordinari,
1335 722 1622 786 ‘congregari
1654 722 1778 768 enim
1817 722 1861 767 in
1895 720 2120 783 spirituali
2145 722 2280 770 sensu

209 809 216 817 ·
291 803 388 836 non
409 789 532 838 aliud
554 788 636 844 est,
670 780 910 835 nam‘vera
933 787 983 835 &
1007 786 1127 834 bona
1149 803 1242 834 non
1267 786 1449 852 poffunt
1470 788 1755 850 congregari,
1789 787 1871 834 nisi
1895 787 2033 835 etiam
2057 788 2275 836 ordinen-

292 866 370 902 tur
388 876 402 909 ;
423 843 684 903 'universale
701 854 842 907 enim,
877 852 1003 916 quod
1025 853 1237 915 procedit
1259 870 1283 900 a
1307 854 1535 910 Domino,
1571 855 1659 902 hoc
1681 854 1818 909 facit,
1841 853 2063 917 quoniam
2089 855 2278 904 univer--

291 916 379 968 sale
416 919 530 969 illud
553 922 711 968 omnia
736 916 979 980 singularia
1001 919 1142 983 usque
1164 919 1223 966 ad
1247 920 1586 984 fingulariffima
1611 920 1655 966 in
1680 920 1720 967 se
1743 921 1964 985 continet,
2015 919 2114 967 haec
2137 922 2275 970 simul·

290 987 394 1036 sunt
415 985 677 1042 universale,
714 984 843 1049 quod
861 983 1030 1047 redigit
1051 986 1098 1031 in
1121 984 1330 1033 ordinem
1349 987 1506 1034 omnia
1523 987 1568 1033 in
1587 986 1714 1033 coelis
1735 1007 1749 1040 3
1783 1002 1890 1032 cum
1910 985 2157 1038 universale
2182 989 2282 1037 hoc-

288 1053 408 1116 agit,
443 1066 629 1117 apparet
651 1052 767 1100 ficut
788 1052 909 1099 bona
926 1051 1103 1098 &vera
1126 1052 1220 1115 ipsa
1243 1053 1284 1100 se
1307 1053 1535 1109 ordinent,
1559 1053 1622 1100 “ὅτ
1647 1053 1758 1099 ficut
1782 1052 1923 1098 fluant
1948 1052 2106 1114 sponte
2128 1055 2174 1100 in
2198 1070 2275 1101 or...

289 1120 478 1174 dinem;
516 1119 578 1166 ita
591 1119 632 1166 se
655 1118 790 1166 habet
806 1132 913 1164 cum
931 1119 1142 1165 universo
1162 1119 1303 1176 coelo,
1338 1119 1426 1166 hoc
1450 1120 1494 1166 in
1518 1119 1676 1166 ordine
1699 1119 1780 1175 est,
1817 1120 1867 1166 ὅτ
1889 1118 2105 1165 continue
2129 1120 2173 1167 in
2196 1136 2277 1168 or-

288 1182 397 1234 dine
415 1198 594 1233 tenetur
607 1185 663 1232 ab
680 1182 922 1232 universali
947 1183 1123 1232 influxu
1141 1201 1167 1231 a
1190 1186 1418 1243 Domino,
1455 1185 1515 1233 ita
1538 1200 1724 1249 quoque
1747 1184 1790 1231 se
1807 1185 1941 1231 habet
1957 1200 2062 1231 curn
2088 1185 2272 1234 societa-

290 1252 412 1300 tibus
436 1255 482 1300 in
507 1252 741 1299 communi
766 1251 813 1297 in
836 1249 975 1306 coe10‚
1012 1252 1062 1298 ὅτ
1083 1266 1271 1316 quoque
1292 1267 1398 1300 cum
1423 1251 1708 1299 societatibus
1733 1251 1778 1297 in
1802 1250 2055 1314 particulari
2083 1251 2180 1306 ibi;
2217 1266 2269 1302 ut

290 1319 640 1382 primurn-enim
660 1329 994 1380 congregantur
1007 1319 1184 1381 Angeli
1202 1319 1279 1366 seu
1297 1318 1495 1382 spiritus,
1531 1317 1649 1365 illico
1666 1316 1967 1381 disponuntur
1983 1318 2029 1363 in
2055 1318 2269 1368 ordinem

291 1385 406 1432 ficut
430 1403 455 1433 a
473 1384 531 1442 se,
567 1386 617 1432 ὅτ
636 1385 694 1432 fic
708 1383 990 1431 constituunt
1014 1383 1267 1433 societatem
1286 1384 1538 1441 coelestem,
1575 1400 1682 1448 quae
1697 1385 1759 1430 est
1782 1384 1891 1431 coeli
1909 1385 2102 1446 imago;
2137 1387 2277 1448 quod.

291 1452 514 1516 nusquam
530 1452 677 1507 fieret,
712 1450 790 1498 nifi
816 1449 1080 1507 universale,
1114 1452 1241 1515 quod
1277 1451 1486 1515 procedit
1519 1466 1545 1498 a
1566 1450 1792 1506 Domino,
1827 1451 2037 1496 omnium
2074 1450 2270 1513 singula-

287 1520 455 1567 riffima
475 1519 520 1566 in
542 1517 584 1564 se
601 1518 873 1571 contineret,
909 1517 959 1564 ὅτ
979 1517 1059 1564 nisi
1074 1518 1234 1565 omnia
1251 1518 1348 1564 haec
1365 1519 1411 1564 in
1431 1516 1754 1581 perfeffiffimo
1770 1515 1928 1563 ordine
1945 1515 2095 1564 forent
2113 1539 2127 1571 ;
2164 1519 2195 1565 fi
2215 1536 2271 1566 u·
2288 1561 2289 1565 ,

288 1584 503 1632 niversale
520 1583 709 1647 aliquod
733 1581 898 1646 absque
917 1582 1218 1645 singularibus
1237 1584 1446 1631 influeret
1466 1599 1490 1630 a
1516 1583 1639 1640 Deo,
1673 1595 1727 1630 ut
1746 1582 1932 1645 plurimi
1956 1583 2178 1645 cogitan*‚
2216 1587 2269 1633 ὅτ

263 1679 270 1685 »
286 1651 451 1707 horno,
490 1650 562 1697 seu
578 1648 774 1714 spiritus,
810 1649 882 1695 seu
897 1648 1082 1710 angelus
1100 1648 1242 1696 semet
1260 1650 1306 1696 in
1325 1650 1624 1713 singularibus
1642 1662 1831 1712 regeret,
1855 1661 1961 1699 tunc
1979 1648 2078 1696 loco
2097 1651 2282 1698 ordinis

285 1705 409 1766 foret
422 1719 638 1768 omniurn
656 1713 880 1769 confufiO‚
917 1725 999 1761 nec
1015 1713 1131 1763 foret
1143 1716 1336 1773 coelum,
1373 1733 1452 1763 nec
1467 1715 1713 1772 infernum,
1739 1731 1820 1762 nec
1834 1730 1979 1779 genus
1993 1714 2281 1775 homanum,

288 1784 387 1832 imo
413 1799 495 1831 nec
520 1796 709 1830 natura:
748 1782 836 1843 hoc
859 1779 1061 1828 illustrari
1090 1782 1235 1845 potest
1258 1799 1281 1828 a
1307 1783 1463 1829 multis
1484 1782 1602 1845 apud
1628 1782 1885 1836 hominem,
1922 1797 1972 1830 ut
1995 1782 2075 1829 nifi
2098 1784 2272 1846 cogita-

286 1850 430 1898 tiones
449 1848 543 1912 ejus
560 1850 879 1897 ordinarentur
895 1847 1206 1906 universaliter
1223 1850 1273 1896 ὅτ
1294 1848 1426 1895 fimul
1447 1848 1728 1911 singulariter
1750 1849 1808 1894 ab
1827 1846 2147 1897 affeffionibus
2163 1867 2285 1914 quaa,

287 1916 471 1972 amoris,
507 1915 730 1979 nusquam
750 1914 994 1976 potuissent
1019 1913 1109 1960 illae
1132 1915 1405 1962 rationaliter
1422 1916 1472 1962 ὅτ
1489 1915 1737 1977 annalytice
1755 1914 1893 1961 fluere
1917 1934 1931 1968 ς
1963 1914 2170 1962 similiter
2187 1933 2281 1964 nec·

289 1983 486 2030 affiones
506 2004 520 2037 3
572 1994 675 2029 turn
700 1980 780 2028 nisi
804 1982 956 2027 anima
992 1979 1037 2026 in
1057 1980 1291 2028 universali
1318 1982 1366 2028 ὅτ
1389 1981 1600 2043 fingulari
1623 1981 1828 2029 influeret
1852 1983 1899 2027 in
1923 1980 2088 2028 viscera
2105 1998 2279 2046 corpo.-

288 2050 364 2105 ris‚
416 2048 530 2096 nihil
565 2048 821 2095 ordinatum
847 2047 897 2094 ὅτ
921 2046 1122 2108 regulare
1147 2048 1361 2110 potuisset
1382 2048 1569 2095 existere
1595 2048 1640 2094 in
1665 2062 1872 2109 corpore,
1909 2058 1953 2093 at
1978 2059 2084 2094 cum
2122 2048 2274 2112 fingu-

285 2115 435 2163 latitet
452 2116 502 2163 ὅτ
522 2115 578 2163 sic
591 2113 915 2169 universaliter,
952 2126 1058 2161 tunc
1079 2115 1233 2161 omnia
1257 2115 1521 2162 ordinantur
1549 2114 1656 2163 ficut
1677 2130 1702 2160 a
1727 2113 1783 2161 se.
1857 2112 1980 2160 Haec
2002 2113 2125 2161 dieta
2149 2116 2278 2172 sunt,

286 2196 338 2231 ut
363 2181 525 2230 sciatur
547 2181 660 2242 quid
688 2179 958 2242 intelligitur
983 2196 1061 2243 per
1083 2181 1210 2244 quod
1235 2183 1340 2228 v'era
1362 2182 1410 2228 ὅτ
1437 2182 1555 2227 bona
1580 2181 1621 2227 se
1648 2181 1740 2242 ipsa
1768 2179 1997 2228 ordinent.
2020 2193 2023 2195 ’

354 2248 501 2314 6339.
538 2247 605 2295 Et
626 2237 781 2294 audite
804 2245 887 2293 filii
914 2247 1109 2309 Jacobi‚'
1127 2247 1251 2310 quod
1277 2248 1498 2309 significet
1522 2263 1626 2294 vera
1644 2248 1692 2294 ὅτ
1719 2247 1834 2293 bona
1851 2247 1897 2292 in
1924 2247 2128 2302 naturali,
2158 2263 2279 2294 con--

285 2314 370 2370 stat
384 2331 450 2362 ex
473 2313 863 2378 repraesentatione
901 2312 1103 2361 filiorum
1141 2314 1324 2377 Jacobi,
1359 2314 1497 2378 quod.
1526 2313 1611 2360 fint
1633 2329 1736 2360 vera
1759 2313 1950 2360 &bona
1986 2313 2202 2362 Ecclesia:
2220 2316 2281 2361 in.

285 2381 494 2437 naturali,
529 2381 586 2428 de
608 2396 701 2444 qua
724 2378 853 2442 supra
870 2395 932 2426 n:
961 2378 1106 2442 6335.

354 2447 503 2509 6340.
540 2446 605 2494 Et
628 2446 778 2492 audite
801 2445 858 2492 ad
886 2444 1092 2494 lsraelem
1130 2445 1308 2511 patrem
1343 2447 1555 2501 vestrum,
1593 2446 1714 2511 quod
1754 2444 1974 2507 significet
2005 2445 2273 2508 praediffio-

288 2529 399 2562 nem
420 2513 477 2560 de
499 2512 583 2559 illis
606 2529 632 2560 a
655 2514 787 2559 bono*
802 2511 1035 2576 spirituali,
1072 2513 1117 2558 in
1143 2514 1357 2576 supremo
1381 2513 1501 2561 sensu
1531 2510 1886 2561 Praevidentia‘m
1913 2511 2124 2568 Domini,
2160 2528 2271 2560 con-

286 2579 409 2627 stata
427 2576 754 2642 significatione
777 2579 930 2626 audire
949 2594 1118 2640 nempe
1140 2581 1251 2643 quid
1271 2580 1506 2641 continget
1527 2581 1570 2626 in
1590 2578 1900 2642 postremitate
1918 2577 2116 2632 dierum,
2137 2579 2272 2643 quod

290 2647 343 2694 fit
374 2644 754 2708 praediffionem3
790 2646 839 2692 ὅτ
863 2660 888 2690 a
911 2645 1303 2707 repraesentatione
1343 2646 1530 2700 Israelis,
1580 2645 1707 2710 quod
1734 2646 1785 2691 fit
1807 2645 1982 2691 bonum
2022 2644 2276 2707 spirituale,

288 2727 341 2759 ut
360 2729 411 2757 n:
439 2714 585 2773 5801.
613 2713 758 2772 5803.
785 2710 929 2771 5806.
954 2715 1098 2773 5812.
1120 2715 1264 2775 5812.
1288 2715 1432 2773 5819.
1455 2716 1601 2772 5820.
1629 2715 1752 2772 5833
1774 2711 1873 2764 ·,·&
1897 2710 2007 2774 quia
2027 2711 2276 2773 praedietia

286 2795 371 2844 per
392 2777 547 2826 audire
571 2775 682 2841 quid
704 2775 942 2839 continget
965 2777 1011 2825 in
1029 2777 1334 2841 postremitate
1356 2779 1535 2825 dierum
1556 2779 1830 2841 significatur
1854 2777 1898 2822 in
1926 2776 2047 2823 sensu
2073 2773 2280 2834 internog

286 2846 567 2909 significatur
607 2842 912 2892 P1aevidentia
951 2843 1144 2891 Domini
1172 2845 1215 2892 in
1243 2844 1365 2892 sensu
1399 2844 1627 2909 supremo,
1663 2860 1766 2890 nam
1792 2860 1815 2889 a
1841 2843 2146 2890 Praevidentia
2170 2846 2271 2892 Do-

287 2913 403 2959 mini
428 2912 490 2958 est
510 2909 661 2957 omnis
681 2909 931 2972 praejietio.
1004 2909 1148 2975 Qod
1170 2911 1346 2965 dicatur
1370 2912 1498 2974 quod
1526 2910 1607 2957 filij
1632 2909 1794 2970 Jacobi
1819 2909 2025 2955 audirent
2047 2910 2105 2956 ad
2132 2911 2272 2958 Israe-

284 2977 397 3033 lem,
434 2977 655 3039 fignificat
679 2974 804 3038 quod
830 2974 894 3021 illi
916 2974 995 3037 qui
1015 2979 1077 3022 ab'
1099 2975 1298 3024 Ecclesia
1338 2977 1453 3032 sunt,
1501 2976 1711 3023 audirent
1736 2975 2019 3031 Dominum,
2067 2976 2154 3023 hoc
2187 2978 2279 3032 est,

285 3042 442 3107 Ipsum
469 3043 514 3090 in
547 3042 722 3098 Verbo,
757 3041 870 3105 quid
905 3040 968 3088 ibi
992 3042 1127 3088 docet
1156 3043 1213 3090 de
1235 3043 1349 3091 veris
1383 3043 1490 3093 fidei
1516 3043 1562 3089 &
1598 3042 1655 3088 de
1680 3042 1809 3088 bonis
1841 3041 2023 3098 amoris,
2070 3043 2120 3089 ὅτ
2155 3044 2280 3107 quid

279 3109 500 3171 'praedicit
532 3110 590 3156 de
623 3107 708 3156 illis
737 3106 817 3172 qui
842 3108 890 3154 i'n
921 3107 996 3154 tali
1028 3124 1139 3169 vero
1174 3112 1222 3157 &
1248 3111 1370 3156 bono
1405 3110 1519 3164 sunt,
1562 3125 1670 3171 quae
1693 3108 2002 3169 significantur
2024 3123 2105 3171 per
2127 3123 2282 3156 unum

289 3186 370 3223 aut
391 3174 578 3226 alterurn
602 3175 753 3226 filium
776 3173 953 3236 Jacobi‚
989 3174 1101 3224 ficut
1120 3176 1232 3240 quid
1270 3176 1401 3224 docet
1426 3176 1475 3223 &
1500 3176 1712 3240 praedicit.
1732 3175 1789 3222 de
1813 3173 1900 3223 illis
1923 3176 1999 3240 qui
2026 3175 2071 3222 in
2097 3175 2187 3222 fide
2208 3176 2275 3224 se-

2120 3254 2286 3306 parata

1787 3343 1799 3377 i
