2566 3640
1170 187 1470 305 (3844)
1575 190 1577 192 ’

424 399 547 466 0
709 403 790 470 E
898 402 1286 474 NE
1452 398 2005 481 SEO
2141 405 2199 480 S

394 601 731 712 CAPUT*
772 595 2282 746 QUADR'xkzfflffiffisociiffimssum.

357 866 400 900 1.
427 845 624 986 ET
666 848 764 902 fuit
792 853 904 921 post
930 853 1082 905 verba
1115 853 1221 923 illa,
1245 853 1302 906 ὃζ
1324 854 1456 906 dixit
1482 852 1542 906 ad
1567 850 1873 924 Josephum,
1911 873 2019 909 ecce
2043 866 2195 925 pater.
2212 865 2331 910 tuus

607 935 861 996 aegrotat,
899 926 957 979 ὃζ
993 927 1187 997 accepit
1219 927 1348 980 duos
1390 928 1525 981 filios
1564 925 1679 979 suos
1721 925 1903 996 secum,
1945 926 2248 982 Menaschcn
2271 928 2329 982 ὅζ

348 993 696 1066 Ephraimum.

429 1087 477 1120 2.
516 1070 595 1123 Et
619 1070 863 1125 indicavit
888 1071 1109 1143 jacobO,
1145 1073 1203 1126 ὅτ,
1231 1071 1382 1143 dixit,
1422 1091 1530 1126 ecce
1556 1071 1691 1125 filius
1718 1083 1838 1127 tuus
1860 1071 2056 1145 Joseph
2094 1074 2240 1128 venit
2261 1072 2327 1128 ad

355 1151 441 1211 te,
483 1143 540 1195 ὃζ
568 1142 888 1199 confirmavit
922 1145 970 1200 se
989 1144 1156 1214 Israel,
1195 1147 1252 1200 δί
1277 1145 1404 1200 sedit
1428 1145 1571 1218 super
1589 1145 1735 1198 lecto.

426 1234 468 1284 3.
516 1217 592 1269 Et
617 1218 748 1270 dixit
772 1218 939 1289 Jacob
972 1221 1034 1272 ad
1074 1218 1378 1291 Josephum‚
1419 1219 1582 1272 Deus
1610 1218 1857 1273 Schaddai
1897 1218 2033 1274 visus
2070 1221 2132 1273 ad
2159 1221 2317 1278 mein

352 1287 462 1342 Lus
481 1290 538 1345 *in
567 1301 696 1344 terra
716 1292 936 1362 Canaan,
974 1293 1032 1346 ὃζ
1052 1294 1314 1349 benedixit
1337 1295 1479 1346 mihi.

428 1382 479 1430 4.
518 1363 596 1416 Et
628 1365 759 1418 dixit
779 1366 842 1418 ad
861 1384 961 1436 me,
997 1383 1105 1420 ecce
1131 1367 1249 1438 Eg'o
1271 1366 1572 1420 fiuffificans
1612 1379 1685 1437 te,
1721 1366 1780 1420 ὅζ
1804 1367 2132 1437 multiplicari
2155 1365 2331 1424 faciam

350 1448 426 1504 te,
464 1436 522 1489 ὅζ
546 1437 681 1491 dabo
707 1451 760 1492 te
783 1439 845 1492 ad
869 1452 1055 1493 caetum
1080 1442 1416 1512 populorum,
1441 1441 1498 1493 &
1523 1441 1659 1493 dabo
1681 1452 1865 1493 terram
1889 1443 2017 1493 hanc
2039 1438 2209 1494 semini
2229 1453 2331 1497 tuo

348 1512 463 1582 post
486 1523 559 1579 te,
596 1511 938 1581 poffeffionem
961 1526 1217 1567 aeternam.

426 1603 476 1653 5.
515 1584 593 1638 Et
616 1603 749 1638 nunc
772 1585 873 1638 duo
897 1585 1092 1655 filii-tui
1117 1587 1224 1639 nati
1248 1586 1347 1639 tibi
1370 1588 1422 1639 in
1447 1598 1577 1639 terra
1601 1587 1676 1654 AE
1716 1588 1836 1657 ypti
1866 1586 2021 1657 usque
2043 1586 2104 1639 ad
2126 1605 2206 1639 me
2231 1605 2329 1640 ve-

350 1658 458 1710 nire
483 1659 545 1711 ad
580 1670 633 1712 te
654 1660 1144 1736 AEgyptumktpihi
1164 1661 1260 1729 illi,
1292 1659 1547 1732 -Ephraiin
1571 1604 1941 1731 &JfienaschQ
1982 1659 2109 1713 ficut
2134 1660 2332 1718 Ruben

348 1731 410 1784 ἃ
432 1730 698 1785 Schimeon
723 1744 874 1785 erunt
892 1726 1043 1801 mihi.-
1066 1748 1068 1750 ’
1594 1790 1603 1794 ,Ἴ
1657 1735 1680 1741 ”
1699 1726 1747 1762 ⁴

430 1802 482 1857 6.
521 1806 598 1858 Et
622 1807 875 1876 generatio
900 1796 1022 1885 τὶῇει,
1049 1822 1210 1878 quam
1241 1824 1443 1879 generas
1469 1807 1602 1877 ,post
1647 1805 1787 1880 iUbS,
1826 1805 1928 1860 tibi
1950 1817 2141 1878 erunt,
2179 1804 2335 1880 supet

353 1881 556 1935 nomine
585 1878 802 1933 fratrum
824 1878 1372 1951 suorqnivocabuntur
1395 1882 1448 1933 in
1469 1879 1768 1935 haereditate
1789 1877 1891 1932 sua.

424 1969 474 2023 7.
515 1953 591 2006 Et
615 1970 710 2022 ego
734 1954 783 2005 in
809 1949 1156 2025 veniendo-me
1184 1953 1454 2024 ePaddan,
1493 1954 1802 2014 moriebatur
1840 1952 1989 2024 super
2034 1971 2116 2006 me
2132 1952 2327 2014 Rachel

348 2025 405 2078 in
427 2039 557 2154 {rra
575 2027 776 2080 Canaan
800 2030 852 2079 in
878 2030 960 2083 via
981 2030 1035 2082 in
1054 2019 1425 2099 adhuctraRUs
1445 2040 1593 2082 terrae
1610 2028 1673 2081 ad
1695 2028 2002 2083 veniendum
2021 2027 2325 2102 Ephratam,

350 2115 410 2151 ea
477 2101 776 2155 ethlechem.
1237 2153 1241 2158 .
1296 2157 1299 2161 ,
1483 2126 1488 2130 ·

434 2175 484 2229 8,
517 2174 599 2229 Et
622 2175 756 2230 vidit
771 2171 922 2228 Israel
944 2174 1078 2229 filios
1098 2174 1330 2248 Josephi‚
1369 2176 1422 2230 ὅζ
1448 2175 1599 2246 dixit,
1645 2176 1726 2228 cui
1751 2174 1843 2228 illi.

434 2266 483 2320 9.
521 2247 599 2301 Et
633 2248 765 2302 dixit
781 2246 978 2320 Joseph
1009 2250 1073 2303 ad
1097 2250 1299 2305 Patrem
1319 2249 1477 2321 suum,
1517 2248 1615 2302 filii
1651 2248 1750 2303 mei
1781 2248 1862 2318 hi,
1901 2265 2032 2319 quos
2053 2246 2198 2303 dedit
2223 2247 2328 2302 mi-

354 2320 418 2445 hil
449 2320 612 2376 DEUs
644 2323 764 2393 hic,
825 2320 884 2375 δί
913 2323 1066 2395 dixit,
1104 2327 1270 2396 accipe
1309 2324 1425 2378 illos
1463 2322 1635 2395 quaeso
1669 2323 1733 2376 ad
1775 2339 1875 2392 me,
1934 2321 1994 2376 δί
2034 2323 2328 2381 benedicam

357 2395 397 2447 il
421 2394 474 2448 is.

441 2486 522 2523 10.
558 2468 636 2522 Et
658 2469 791 2523 oculi
810 2468 1003 2530 Israelis
1020 2488 1197 2541 graves
1214 2483 1355 2525 erant
1374 2488 1477 2542 prae
1493 2469 1763 2541 senectute,
1787 2486 1893 2522 non
1917 2468 2097 2540 potuit
2118 2468 2286 2524 videre
2302 2489 2324 2542 3

356 2540 417 2594 ὅζ
442 2543 663 2596 accedere
686 2543 803 2597 fecit
824 2545 954 2613 illos,
987 2545 1049 2598 ad
1074 2563 1204 2615 eum,
1243 2545 1299 2599 δί
1320 2543 1568 2598 osculatus
1590 2545 1720 2613 illos,
1756 2543 1815 2596 ὃζ
1837 2543 2099 2614 amplexus
2120 2542 2245 2597 illos.

442 2634 521 2670 11.
560 2616 637 2670 Et
667 2618 802 2671 dixit
834 2615 985 2671 Israel
1014 2619 1077 2671 ad
1100 2618 1398 2692 josephum,
1437 2619 1606 2674 videre
1628 2615 1771 2670 facies
1794 2628 1909 2669 tuas
1953 2633 2059 2668 non
2076 2613 2322 2687 cogitavi,

357 2688 417 2743 δί
441 2709 548 2743 ecce
571 2689 739 2743 videre
759 2689 879 2743 fecit
901 2692 1027 2743 mihi
1046 2692 1230 2745 DEUS
1254 2693 1406 2745 etiam
1424 2690 1590 2746 scmen
1612 2704 1782 2745 tuum.

441 2782 461 2816 1
475 2783 522 2817 2.
559 2763 636 2815 Et
657 2764 875 2817 abduxit
896 2762 1093 2838 Joseph
1111 2766 1219 2819 illos
1243 2784 1304 2819 ex
1331 2764 1600 2819 femoribus
1621 2765 1745 2838 ejuS,
1781 2763 1840 2816 ὅζ
1863 2761 2152 2820 incurvavit
2180 2757 2232 2815 fi:
2256 2758 2323 2816 ad

359 2836 529 2890 faciem
553 2834 690 2888 suam
711 2850 913 2891 terram.

438 2930 458 2963 1
472 2930 519 2980 3.
557 2909 634 2961 Et
652 2913 844 2983 accepit
863 2909 1058 2983 Joseph
1081 2912 1257 2965 ambos
1279 2911 1417 2981 illos,
1454 2911 1790 2983 Ephraimum
1813 2912 1865 2963 in
1901 2908 2076 2962 dextra
2095 2904 2178 2961 sua
2195 2923 2230 2961 a
2250 2904 2322 2959 fi-

354 2984 506 3036 nistra
527 2981 734 3053 Israelis,
772 2986 830 3038 ὃζ
856 2983 1160 3042 Menaschen
1201 2986 1256 3042 in
1291 2986 1480 3043 finistra
1512 2985 1600 3042 sua
1638 3004 1669 3040 a
1704 2985 1894 3040 dextra·
1905 2979 2116 3054 Israelis,
2153 2980 2212 3036 ὃ(
2231 2997 2330 3047 aeq

354 3058 521 3113 cedere
544 3055 661 3109 fecit
684 3058 747 3112 ad
769 3073 901 3114 eum.

739 3152 742 3155 ·
857 3151 872 3159 ⁴·
2097 3116 2335 3202 {Mn}

1715 1734 1725 1756 ί
