2566 3640
289 234 599 310 CAPUT
630 230 1487 317 QJADRAGESIMUM
1526 234 2052 307 SEPTIMUM.
2113 257 2241 325 355

254 368 442 424 eadem,
470 362 598 413 unde
617 358 892 423 adjutorium
910 357 1023 407 vitae
1045 361 1337 427 vegetativae,
1362 362 1413 414 ὅτ
1431 374 1644 425 praeterea
1663 361 1770 410 inde
1787 362 1955 409 calores
1974 364 2023 411 ὅτ
2042 365 2242 427 pulchri-

255 435 468 494 tudines5
504 427 706 478 [imiliter
728 426 784 476 ab
806 425 988 474 Influxu
1004 426 1165 479 caloris
1184 427 1231 474 in
1249 428 1465 492 Corporis
1491 428 1627 477 nostri
1647 428 1897 485 ambitum,
1933 441 2034 476 tum
2060 431 2171 479 lucis
2190 432 2237 480 in

249 501 478 552 oculum3
513 495 680 559 pariter
704 493 761 540 ab
785 492 972 540 Influxu
997 492 1093 541 soni
1116 494 1165 541 in
1187 510 1361 551 aurem,
1398 495 1449 543 δε
1471 494 1532 543 fic
1554 511 1720 559 porro:
1776 495 1882 542 inde
1903 497 2233 559 comprehendi

246 565 415 634 potest,
449 563 564 626 quid
588 560 794 609 Influxus
811 561 924 608 vitae
941 577 967 608 a
986 560 1216 618 Domino,
1252 560 1355 624 Qu
1373 561 1438 609 est
1460 560 1542 611 Sol
1560 561 1688 619 coeli,
1723 577 1748 608 a
1772 562 1884 626 Qo
1908 561 2042 609 Calor
2063 564 2147 628 qui
2171 563 2237 611 est

249 636 421 692 Amor,
456 631 507 678 &
532 630 641 678 Lux
664 626 904 692 spiritualis
927 641 1034 692 quae
1053 626 1117 676 est
1139 628 1282 681 fides;
1335 627 1428 690 ipse
1450 627 1659 676 Influxus
1675 629 1816 677 etiam
1843 626 2077 676 manifeste
2102 630 2234 677 senti-

254 712 323 754 tur
343 718 357 752 ;
394 696 531 745 Calor
554 696 680 742 enim
702 693 916 750 coelestis,
951 694 1034 756 qui
1050 693 1114 742 est
1133 687 1305 750 Amor,
1340 692 1448 743 facit
1469 694 1668 742 calorem
1689 694 1874 741 vitalem
1897 693 1979 758 qui
1998 695 2062 743 est
2087 696 2129 743 in
2150 697 2236 744 ho·

254 765 397 820 mine,
431 764 482 812 &
507 763 616 812 Lux
635 759 854 817 coelestis,
897 774 1004 823 quae
1026 759 1090 807 est
1113 759 1243 816 fides,
1278 759 1384 811 facit
1407 761 1553 811 lucem
1578 759 1932 808 intellectualem
1952 776 2060 824 quae
2085 762 2130 809 in
2155 762 2237 810 ho-

244 833 379 880 mine
401 853 415 885 ;
461 829 536 876 sed
562 829 786 875 variantur
809 825 1059 874 secundum
1083 825 1375 888 receptiones.

317 898 463 960 6129.
502 896 557 944 In
582 908 700 942 anno
724 892 828 946 hoe,
864 891 993 955 quod
1018 890 1242 957 significet
1272 890 1396 939 illi-us
1419 890 1556 940 status
1580 891 1839 956 periodum,
1869 890 2047 939 *constat
2070 909 2124 940 ex
2150 893 2238 957 fig-

244 962 509 1012 nificatione
532 959 679 1017 Anni,
715 956 844 1022 quod
866 952 920 1004 'fit
943 956 1119 1020 integra
1154 956 1370 1022 periodus
1393 973 1420 1006 a
1443 958 1673 1023 principio
1696 957 1753 1005 ad
1778 959 1940 1015 finem,
1974 957 2032 1005 de
2064 976 2155 1024 qua
2182 978 2236 1008 n:

256 1046 282 1078 2
322 1029 403 1078 06.

289 1047 466 1157 96130.
503 1091 570 1142 Et
603 1090 760 1139 finitus
779 1104 924 1138 annus
946 1090 1036 1147 hic,
1058 1088 1186 1154 quod
1210 1088 1435 1158 significet
1458 1090 1785 1141 desolat-ionem
1809 1089 1912 1154 post
1950 1085 2082 1153 hujus
2104 1090 2241 1140 status

245 1158 520 1225 periodum,
543 1156 727 1205 constat
745 1173 807 1205 ex
829 1155 1157 1219 figni-ficatione
1190 1157 1344 1206 finitus
1374 1157 1509 1206 status
1532 1157 1622 1214 hic,
1658 1157 1786 1220 q-uod
1810 1157 1862 1205 fit
1886 1156 1986 1220 post
2011 1156 2142 1219 hujus
2158 1158 2243 1206 sta-

245 1239 325 1279 tus
340 1226 611 1290 periodum,
640 1224 768 1288 quod
790 1239 934 1271 annus
957 1222 1011 1273 fit
1031 1222 1245 1286 periodus
1262 1224 1425 1288 integri
1456 1224 1616 1280 status,
1663 1223 1881 1271 videatur
1896 1238 2007 1270 mox
2031 1223 2156 1287 supra
2181 1241 2239 1273 n:

246 1294 411 1355 6130:
448 1290 576 1355 quod
599 1289 941 1355 desolatio-post
962 1289 1088 1341 illam
1113 1290 1401 1353 -perioclurn,¹
1420 1302 1547 1354 p.2tet
1569 1306 1595 1337 a
1619 1306 1739 1341 nunc
1763 1290 2069 1353 sequentibus.

318 1360 465 1421 6131.
504 1357 570 1405 Et
592 1355 893 1407 veneruntad
919 1355 1050 1405 illum
1084 1356 1131 1404 in
1165 1371 1286 1405 anno
1321 1357 1476 1413 altero,
1528 1356 1657 1421 quod
1699 1354 1922 1419 fignificet
1957 1355 2238 1420 principium

243 1424 384 1475 status
419 1423 664 1489 sequentis,
693 1422 870 1473 *constat
892 1438 950 1471 ex
973 1422 1063 1472 illis
1085 1438 1192 1487 quae
1215 1423 1511 1488 ‚praecedu‘nt,
1534 1421 1617 1471 'ita
1647 1422 1813 1486 absque
1851 1422 2061 1470 ulteriore
2091 1426 2243 1489 expli-

247 1505 447 1540 catione.

304 1558 464 1620 6132.
501 1555 566 1604 Et
587 1555 801 1607 dixerunt
821 1554 883 1612 ei,
920 1570 1012 1606 non
1036 1555 1285 1607 celabimus
1307 1571 1334 1603 a
1357 1554 1568 1613 dom-ino,
1604 1552 1729 1620 quod
1752 1553 1976 1618 significet
1998 1554 2127 1618 quod
2159 1571 2243 1604 no·

240 1624 659 1679 tum-fitrlnternO,
707 1619 928 1675 constatfa
953 1621 1278 1684 significatione
1317 1621 1483 1678 dicere,
1535 1621 1665 1686 quod
1703 1623 1756 1674 fit
1792 1611 2041 1685 perceptio,
2076 1622 2134 1675 de
2157 1638 2246 1686 qua

245 1691 378 1755 supra
402 1689 610 1751 11:6063
633 1712 651 1744 ·‚
687 1704 745 1735 ex
768 1687 1163 1752 repraesentatione
1203 1687 1415 1752 josephi,
1453 1687 1536 1752 qui
1563 1687 1637 1735 hic
1659 1688 1723 1737 est
1747 1687 1979 1744 dominus,
2024 1687 2150 1751 quod
2187 1689 2241 1738 fit

246 1757 482 1809 Internum
505 1757 562 1805 de
585 1771 678 1819 qua
699 1754 823 1819 prius
843 1775 857 1809 ;
882 1756 971 1805 &a
990 1751 1321 1815 s1gnifica'tione
1347 1770 1439 1802 non
1463 1755 1600 1803 celare
1617 1754 1679 1812 ei,
1704 1755 1831 1817 quod
1853 1753 1905 1801 fit
1929 1765 2093 1802 notum
2117 1756 2203 1802 effe
2224 1778 2239 1811 ;

246 1823 379 1887 quod
419 1839 510 1870 non
550 1822 707 1877 celare,
753 1818 801 1867 in
840 1817 968 1871 sensu
1009 1817 1187 1870 interno
1210 1820 1451 1868 fitinotum
1486 1820 1592 1877 effe,
1627 1820 1691 1868 est
1713 1820 1824 1885 quia
1847 1834 1984 1873 omne
2009 1821 2136 1884 quod
2163 1837 2241 1868 ex-

247 1889 344 1939 istit
367 1890 417 1936 δε
442 1888 498 1936 fit
521 1887 566 1935 in
592 1887 818 1944 Naturali,
856 1886 944 1934 hoc
966 1900 1128 1938 notum
1144 1885 1207 1935 est
1226 1886 1428 1942 Interno,
1464 1886 1570 1951 quia
1589 1884 1811 1936 Naturale
1828 1886 1934 1933 inde
1954 1887 2085 1934 habet
2103 1903 2244 1935 omne

243 1954 401 2012 suum,
437 1952 808 2018 quapropter-illi
831 1951 946 2001 nihil
979 1953 1114 2002 celari
1155 1951 1304 2015 potest
1329 1973 1345 2007 ς
1366 1952 1455 1999 ,sed
1501 1952 1641 2017 usque
1666 1954 1730 2000 ita
1752 1952 1918 2000 dicitur
1942 1951 1985 1998 i÷n
2010 1951 2136 2003 sensu
2163 1970 2242 2001 ex-

241 2034 397 2075 tern0‚
432 2017 900 2084 imprimis-‚historico
927 2039 942 2072 ·,
977 2018 1090 2066 ficut
1111 2020 1249 2067 etiam
1282 2033 1388 2066 cum
1414 2016 1649 2067 Dominus
1671 2019 1877 2083 loquitur
1901 2017 2240 2077 adhominem,

250 2086 458 2150 primurn
498 2087 750 2148 interrogat
790 2084 923 2132 illum
946 2084 1003 2135 de
1025 2100 1072 2132 re
1097 2086 1335 2147 praesente,
1372 2084 1545 2134 tametfi
1590 2085 1715 2133 illam
1743 2083 2030 2139 ‚notissimam
2057 2085 2135 2131 fibi
2165 2086 2242 2133 ha—

247 2153 344 2210 bet,
379 2167 431 2202 ut
452 2151 640 2213 angelus
677 2150 876 2214 Jehovae
900 2149 957 2197 ad
984 2149 1242 2215 Hagarem,
1278 2150 1454 2199 Genes:
1481 2152 1608 2216 Cap:
1633 2165 1748 2199 xvi:
1776 2166 1819 2212 7.
1849 2151 1872 2194 8
1899 2171 1913 2204 ς
1948 2150 2003 2195 ad
2034 2150 2239 2200 Abraha-

246 2235 403 2276 mum,
439 2216 596 2266 Genes
607 2235 617 2265 :
645 2217 774 2280 Cap:
798 2233 931 2265 xvm
951 2233 962 2263 z
986 2232 1016 2280 9
1040 2239 1054 2273 ς
1089 2219 1148 2266 ad
1172 2216 1356 2274 Mosen,
1394 2213 1533 2265 Exod
1559 2233 1640 2265 iv:
1669 2234 1692 2264 2
1711 2239 1731 2274 :3
1768 2216 1972 2269 Externo
1995 2215 2134 2265 etiam
2160 2233 2241 2269 nte

242 2285 380 2335 aliter
403 2284 576 2340 satisfit,
612 2283 695 2331 nisi
714 2283 845 2333 enim
864 2282 1033 2338 edicat,
1067 2300 1161 2332 non
1173 2283 1327 2331 credit
1351 2282 1468 2334 sciri.
2026 2297 2029 2299 ·

320 2352 467 2414 6133.
503 2349 748 2414 Siquidem
784 2349 1080 2401 consumtum
1108 2362 1372 2414 argentum,
1408 2349 1533 2413 quod
1559 2347 1783 2411 significet
1804 2364 1965 2396 verum
2000 2363 2088 2402 non
2123 2364 2237 2397 con-

246 2416 461 2532 {picgaum
497 2427 684 2481 propter
721 2414 1066 2474 desolationem,
1109 2417 1281 2470 constat
1302 2417 1362 2466 ab
1398 2415 1487 2464 illis
1524 2414 1651 2481 supra
1671 2433 1703 2463 n
1722 2433 1732 2462 ε
1754 2415 1789 2462 -6
1802 2431 1814 2461 ι
1832 2416 1907 2472 16,
1954 2415 2035 2464 ubi
2075 2411 2235 2465 similia

249 2499 334 2533 ver
368 2498 407 2530 a.

319 2549 465 2612 6134.
502 2547 567 2597 Et
590 2563 725 2613 pecus
747 2547 902 2600 bestiae
922 2549 982 2596 ad
1007 2549 1273 2604 dominum,
1308 2547 1437 2611 quod
1474 2546 1697 2615 significet
1733 2547 1910 2596 bonurn
1945 2547 2042 2594 veri
2079 2544 2236 2598 fimili-

247 2628 336 2673 ter,
370 2614 545 2663 constat
580 2631 640 2666 ex
673 2612 1003 2678 significatione
1035 2617 1212 2679 pecoris
1249 2614 1424 2671 bestiae,
1474 2612 1549 2662 seu
1573 2613 1752 2675 pecoris
1776 2614 1927 2677 gregis
1952 2615 1999 2662 &
2024 2617 2233 2673 armenti,

243 2681 378 2746 -quod
403 2680 456 2729 fit
478 2681 654 2729 bonum
695 2681 789 2727 veri
828 2682 1016 2730 interius
1036 2684 1088 2733 ὅτ
1113 2682 1325 2738 exuerim,
1357 2680 1419 2726 de
1438 2697 1535 2743 qua
1559 2675 1689 2743 supra
1713 2697 1741 2729 n
1757 2681 1778 2727 .·’
1798 2681 1826 2726 6
1835 2678 1926 2734 '126
1948 2701 1961 2733 ·‚
2031 2681 2121 2732 uod
2147 2681 2235 2730 hoc

251 2747 458 2797 fimiliter
493 2763 577 2795 nec
611 2745 908 2810 conspicuum
947 2748 1094 2812 magis
1133 2760 1321 2813 propter
1353 2745 1702 2803 desolationem,
1750 2760 1877 2811 patet
1901 2762 1957 2793 ex
1990 2698 2093 2803 fillis,
2128 2763 2234 2810 qua:

244 2830 362 2868 mox
385 2814 515 2877 supra
538 2829 596 2861 n:
624 2813 773 2875 6133,
806 2814 866 2860 de
896 2828 1104 2877 argento.

319 2882 376 2929 61
387 2897 413 2943 3
423 2895 466 2941 5.
502 2878 616 2926 Non
641 2876 851 2927 relictum
873 2894 1030 2927 coram
1055 2879 1265 2935 domino,
1298 2890 1466 2943 praeter
1483 2895 1626 2943 quarn
1650 2895 1814 2942 corpus
1842 2878 2046 2931 nostrum
2070 2877 2117 2926 &
2146 2879 2232 2926 hu-

240 2963 359 2999 ‹mus
397 2946 561 3001 nostra,
608 2944 734 3008 quod
776 2945 1001 3006 significet
1023 2946 1150 3011 quod
1187 2946 1466 3009 receptacula
1488 2945 1670 2993 boni&
1695 2947 1791 2992 veri
1827 2945 2002 3007 prorsus
2039 2944 2231 3000 desolata

248 3011 356 3069 suu,
387 3013 568 3065 constat
590 3027 615 3058 a
637 3009 967 3072 significatione
988 3014 1208 3076 corporis,
1243 3011 1368 3077 quod
1391 3011 1444 3059 fit
1469 3011 1805 3074 receptaculum
1841 3011 1948 3058 boni
1964 3011 2029 3065 >de
2050 3026 2145 3075 qua
2171 3012 2234 3058 se—

242 3079 446 3140 quitui->3
469 3079 533 3129 1&
551 3093 582 3125 a
607 3075 935 3138 significatione
977 3079 1125 3134 humi,
1161 3078 1288 3142 quod
1314 3077 1367 3129 fit
1390 3069 1720 3141 receptriculum
1742 3079 1839 3124 veri
1865 3098 1877 3131 ;
1910 3078 2040 3142 quod
2066 3079 2233 3132 humus

251 3142 311 3190 fit
333 3145 664 3206 receptaculum
689 3144 802 3201 veri,
836 3144 902 3192 est
925 3145 1035 3210 quia
1055 3145 1216 3208 recipit
1241 3142 1427 3201 semina,
1454 3142 1503 3192 ὅτ
1529 3161 1610 3208 per
1634 3145 1802 3192 semina
1820 3159 1929 3208 ,quae
1962 3144 2232 3197 inseruntur,

255 3206 564 3271 significantur
586 3211 644 3264 ,in
678 3203 825 3277 specie
862 3210 937 3264 illa
967 3227 1076 3280 quae
1100 3207 1334 3325 suntYfidei
1356 3226 1411 3259 ex
1434 3211 1665 3268 charitate,
1697 3211 1760 3259 ita
1788 3227 1894 3276 quae
1918 3210 2020 3263 sunt
2055 3212 2159 3324 weg)
2180 3222 2237 3256 ex

1254 3291 1287 3340 y
1325 3291 1351 3325 α
2165 3290 2240 3332 no,
