2626 3666
381 251 442 298 11
459 241 540 296 '10
665 247 669 250 ’
815 228 873 296 G
1014 227 1082 298 E
1193 225 1311 297 N
1430 227 1500 297 E
1614 225 1684 293 ,ις
1812 225 1865 301 ‘I
1921 286 1923 289 -
1989 225 2054 296 ις.

405 353 589 411 Divini‚
625 364 719 401 erat
742 354 926 402 coeleste
963 353 1221 417 spiritualis,
1258 353 1320 400 ita
1341 353 1608 409 dicendum,
1644 353 1752 417 quia
1784 353 1884 401 aliis
1907 355 2099 408 vocibus
2124 350 2196 401 seu
2218 351 2396 416 cogita-

408 421 546 468 tionis
584 419 742 467 formis
776 421 975 483 exprimi
1017 416 1210 483 n'equit3
1247 420 1334 469 hoc
1360 421 1696 481 receptaculum
1734 421 1810 467 seu
1849 421 2069 484 recipiens
2109 420 2294 477 Divini,
2331 419 2398 469 est

415 487 540 533 idem
579 503 687 533 cum
727 502 834 533 vero
870 503 927 533 ex
964 487 1176 540 Divino;
1211 486 1338 550 quod
1377 485 1607 549 josephus
1640 486 1696 558 fit
1723 501 1894 548 ,verum
1936 488 2068 542 illud,
2101 486 2314 534 videatur
2338 502 2399 532 n:

417 567 738 615 4723.47z7.
1874 560 1876 564 '

482 623 629 679 54¹8·
670 618 711 664 Is
740 619 939 664 vendens
963 618 1089 665 omni
1117 617 1293 681 populo
1317 630 1463 674 terrae,
1499 616 1625 682 quod
1653 616 1879 679 significet
1913 617 2039 679 quod
2063 618 2121 664 ab
2147 617 2226 667 illo
2251 619 2404 666 omnis

414 685 744 747 appropriatio,
776 684 948 738 constat
972 700 1028 730 ex
1052 684 1375 744 significatione
1400 693 1613 739 vendere,
1637 684 1763 747 quod
1791 685 1842 731 sit
1865 685 2196 746 appropriatio,
2222 685 2287 738 *de
2310 701 2403 748 qua

415 767 444 797 n
464 767 474 796 :
502 767 645 813 5:37¹-
674 767 699 810 5
709 765 804 814 374
821 772 837 804 —;
863 753 915 798 δε.
936 766 993 799 ex
1020 748 1348 812 significatione
1367 751 1529 814 populi
1555 763 1700 806 terrae,
1724 749 1853 815 quod
1871 750 1957 798 sint
1981 766 2086 796 vera
2109 766 2218 813 quae
2240 751 2399 799 Eccle-

418 817 511 872 siae,
549 819 716 879 &equa
741 834 795 863 n:
826 822 970 879 2928,
1007 817 1079 864 hic
1104 818 1147 864 in
1172 818 1378 872 naturali,
1416 834 1470 862 n:
1499 832 1644 880 5409.

488 899 630 946 5419.
674 883 736 929 Et
758 897 978 930 venerunt
1003 882 1156 932 fratres
1181 883 1389 946 Josephi,
1427 884 1552 948 quod
1578 881 1799 944 significet
1822 898 2091 929 communza
2114 898 2221 930 vera
2241 881 2415 943 Eecle÷

416 949 562 996 clesiae
588 949 754 1012 absque
781 950 1071 1006 mediatione,
1106 950 1277 1001 constat
1300 967 1326 998 a
1349 949 1672 1013 significatione
1697 948 1882 996 fratrum
1919 949 2124 1011 Josephi,
2156 950 2286 1010 'quoti
2317 949 2405 997 sint

421 1016 699 1062 Communia
725 1032 825 1062 vera
853 1015 1078 1071 Ecclesiae,
1115 1017 1171 1063 cle
1196 1032 1286 1080 qua
1309 1015 1439 1076 supra
1477 1032 1505 1062 n
1525 1033 1535 1062 :
1554 1030 1691 1078 5409
1714 1035 1728 1068 ·,
1763 1015 1888 1078 quod
1913 1013 2079 1077 absque
2113 1016 2404 1072 mediatione,

419 1082 485 1128 est
519 1082 627 1144 quia
646 1080 810 1146 absque
829 1081 1107 1146 Berijamine,
1131 1084 1212 1147 qui
1234 1083 1474 1139 Medium,
1510 1081 1637 1146 quod
1662 1079 1898 1144 Benjamin
1922 1081 1977 1128 fit
2001 1081 2227 1136 muitum,
2253 1081 2404 1129 videa-

419 1161 494 1195 tur
518 1149 645 1210 supra
669 1164 721 1195 n:
742 1163 867 1208 '5411
895 1166 904 1194 :
929 1165 1076 1209 54¹3·
1751 1198 1757 1202 ,

485 1230 631 1274 5420.
669 1214 731 1260 Et
767 1214 1060 1260 incurvarunt
1084 1213 1138 1260 ise
1159 1212 1200 1259 ei
1226 1211 1360 1260 facies
1383 1211 1440 1259 ad
1479 1222 1661 1269 terram,
1695 1212 1824 1274 quod
1863 1212 2086 1272 fignificet
2128 1212 2406 1261 humiliatio-

419 1296 544 1335 nem,
582 1279 755 1325 constat
791 1295 849 1326 ex
873 1280 1197 1341 significatione
1236 1281 1464 1326 incurvare
1489 1280 1549 1333 se,
1584 1278 1710 1340 quod
1749 1279 1801 1325 fit
1825 1278 1936 1325 hum
1961 1279 2104 1335 herio,
2151 1280 2207 1326 tie
2229 1295 2369 1342 quan
2393 1297 2404 1326 :

420 1362 442 1392 2
459 1362 569 1404 153,
607 1347 655 1392 &
682 1345 814 1392 facies
837 1346 893 1392 ad
920 1359 1099 1401 terram,
1137 1345 1263 1408 quod
1303 1345 1358 1395 fit
1382 1344 1642 1392 humiliatio
1667 1344 1959 1396 adorationis„
1999 1364 2024 1391 n
2049 1365 2053 1370 ·
2101 1362 2243 1406 rouo.
2317 1346 2406 1392 Per

420 1410 789 1458 humiliationem
814 1412 886 1459 hic
910 1427 1001 1459 non
1027 1411 1293 1474 intelligitur
1317 1411 1574 1458 humiliatio
1610 1426 1677 1458 ex¹
1701 1412 1962 1470 agnitione,
1992 1414 2040 1459 {x-
2066 1413 2158 1458 inu<
2192 1411 2408 1458 humilia-

418 1478 486 1524 tio
520 1479 708 1539 interna,
747 1477 819 1524 sed
857 1477 1118 1529 humiliatio
1150 1490 1350 1532 externa,
1384 1476 1493 1540 quia
1528 1489 1620 1523 erat
1657 1492 1810 1523 coram
1849 1477 2129 1524 dominator&
2178 1492 2310 1524 turrae
2350 1493 2409 1524 ex

419 1559 549 1594 more
585 1558 803 1606 recepto;
837 1545 966 1608 quod
993 1559 1080 1591 non
1106 1542 1367 1592 humiliatio
1385 1543 1558 1590 interna
1579 1542 1654 1589 sed
1679 1556 1859 1589 externa
1878 1543 2174 1607 intelligatur,
2211 1544 2273 1589 est
2296 1544 2409 1607 quia

420 1609 629 1656 nondum
655 1622 746 1655 erat
769 1609 1174 1674 correspondentia‚
1211 1610 1261 1657 δε
1285 1625 1366 1672 per
1387 1608 1830 1671 correspondentiam
1872 1608 2131 1673 conjuneho
2153 1629 2167 1663 3
2202 1625 2309 1655 cix-m
2334 1625 2411 1657 na-

419 1675 560 1722 turale
583 1677 628 1722 in
653 1691 708 1722 eo
732 1675 846 1723 statu
871 1677 953 1733 est,
992 1688 1099 1725 tunc
1119 1675 1306 1738 quidem
1329 1675 1570 1723 humiliare
1594 1675 1634 1722 se
1660 1674 1821 1737 potest,
1858 1676 1908 1722 ὅτ
1931 1692 2113 1740 quoque
2140 1677 2183 1722 in
2213 1675 2398 1723 summo

380 1747 392 1758 “
418 1741 582 1802 gradu,
617 1740 690 1802 sed
717 1741 864 1788 solum
889 1758 947 1789 ex
969 1741 1164 1789 assumto
1188 1757 1269 1804 per
1291 1738 1466 1797 usunst
1477 1741 1541 1788 est
1563 1740 1715 1803 gestus
1738 1741 1900 1802 absque
1936 1742 2178 1790 'affectione
2201 1742 2404 1805 genuina

418 1807 700 1869 producente
723 1807 872 1865 illum,
911 1808 971 1858 ita
994 1806 1058 1856 est
1081 1823 1353 1872 corporeum
1375 1807 1487 1872 quid
1511 1805 1675 1871 absque
1699 1806 1772 1854 sua
1793 1807 1981 1864 anima;
2019 1807 2115 1857 talis
2138 1807 2405 1856 humiliatio

416 1873 492 1920 hic
517 1873 802 1938 intelligitur.

463 1947 467 1953 “
491 1956 639 2001 5421.
675 1940 739 1987 Et
753 1939 880 1988 ,vidit
903 1939 1076 2004 Joseph
1099 1939 1256 1988 fratres
1279 1939 1399 1996 suos,
1437 1940 1488 1989 ὅτ
1510 1939 1703 2003 agnovit
1726 1939 1850 2019 illosfi
1880 1941 2007 2004 quod
2049 1940 2273 2005 significet
2311 1955 2414 2005 per·

418 2008 682 2069 ceptionem
707 2007 1062 2070 &agnitionem
1085 2023 1109 2054 a
1132 2006 1303 2057 coelesti
1327 2006 1583 2069 spiritualia,
1618 2006 1791 2054 constat
1813 2003 1871 2055 ex
1889 2007 2214 2071 significatione
2237 2006 2410 2063 videre,

422 2073 551 2135 quod
585 2071 636 2119 sit
661 2073 906 2135 perceptio,
942 2073 1000 2119 de
1022 2090 1112 2136 qua
1148 2090 1205 2120 n:
1229 2088 1374 2133 2150.
1412 2075 1555 2138 3764.
1580 2073 1726 2135 4567.
1752 2088 1848 2136 472
1856 2091 1920 2135 3⁴,
1954 2089 1980 2120 a
2018 2073 2410 2136 repraesentatione

426 2137 638 2201 josephi,
674 2139 800 2202 quod
820 2138 873 2185 sit
894 2139 1079 2189 coeleste
1098 2138 1352 2202 spiritualis,
1386 2140 1444 2187 de
1468 2155 1561 2204 qua
1583 2139 1711 2198 supra
1728 2155 1758 2186 n
1775 2156 1797 2186 .·⁴
1816 2153 1979 2202 5417··,
2012 2154 2068 2188 ex
2086 2139 2414 2203 significatione

425 2203 617 2252 fratrum
640 2203 750 2266 ejus,
786 2205 909 2268 quod
950 2206 1036 2254 sint
1065 2205 1333 2254 communia
1372 2221 1477 2252 vera
1518 2205 1750 2261 Ecclefiae,
1786 2204 1844 2253 de
1882 2219 1973 2267 qua
2011 2205 2148 2252 etiarn
2188 2205 2323 2269 supra
2358 2202 2429 2252 nt‘

429 2286 594 2334 54193
630 2271 680 2319 &
701 2285 759 2318 ex
781 2269 1108 2334 significatione
1144 2270 1399 2334 agnoscere,
1434 2271 1559 2335 quod
1594 2271 1649 2318 fit
1681 2269 1859 2332 agnitio
1880 2286 1939 2318 ex
1961 2270 2268 2334 perceptione.
2338 2271 2415 2319 De

425 2335 658 2399 agnitione
680 2336 761 2384 hac
794 2354 822 2385 a
859 2349 984 2401 parte
1007 2337 1217 2401 Josephi,
1251 2337 1302 2386 δε
1338 2337 1397 2385 de
1422 2353 1513 2384 non
1554 2336 1791 2400 agnitione
1825 2352 1853 2385 a
1892 2348 2017 2401 parte
2060 2338 2256 2385 fratrum
2298 2334 2415 2400 ejus,

427 2402 636 2451 videatur
669 2401 781 2451 infra
804 2420 865 2450 n:
892 2418 1036 2464 5422.
1064 2419 1209 2468 5427.
1232 2407 1389 2465 5428.¹
2375 2443 2384 2451 ,

496 2484 643 2530 5422.
679 2468 743 2518 Et
764 2471 893 2533 geffit
916 2469 958 2517 se
975 2470 1172 2519 alienum
1195 2470 1253 2518 ad
1272 2470 1388 2527 illos,
1407 2469 1534 2536 quod
1558 2469 1782 2533 fignificet
1796 2484 1889 2519 non
1911 2467 2284 2533 conjunctionem
2302 2466 2416 2533 quia

426 2533 595 2599 absque
625 2535 793 2592 media,
822 2535 1000 2585 constat
1019 2552 1045 2585 a
1067 2536 1396 2601 significatione
1429 2552 1582 2601 gerere
1618 2537 1661 2584 se
1695 2536 1911 2592 alienum,
1960 2537 2087 2600 quod
2123 2535 2197 2584 hic
2231 2535 2288 2583 sit
2320 2548 2414 2582 non

424 2600 692 2664 conjunctio
730 2601 840 2667 quia
876 2603 1043 2668 absque
1077 2604 1233 2652 medio
1253 2603 1334 2667 qui
1365 2606 1489 2652 enim
1513 2619 1605 2651 non
1640 2604 1688 2650 in
1721 2601 2039 2665 conjunffione
2073 2604 2299 2666 reciproca
2330 2599 2414 2657 est,

428 2667 537 2732 quia
570 2666 735 2731 absque
768 2669 942 2726 medio,
978 2671 1013 2716 is
1057 2683 1244 2733 apparet
1282 2669 1469 2727 alierum,
1505 2681 1646 2735 prout
1683 2685 1843 2719 verum
1884 2667 2113 2717 internum
2152 2670 2225 2716 seu
2249 2681 2413 2716 verum

428 2731 695 2782 immediate
717 2750 744 2781 a
767 2734 960 2791 Divino,
997 2734 1086 2783 illis
1106 2736 1187 2798 qui
1211 2736 1258 2784 in
1282 2736 1401 2784 veris
1417 2737 1614 2785 externis
1632 2735 1732 2784 sunt
1754 2757 1770 2791 ;
1804 2735 1909 2782 inde
1934 2752 2055 2784 nunc
2071 2734 2153 2791 est,
2186 2731 2313 2798 quod
2331 2732 2418 2793 Jo-

428 2798 592 2861 sephus
615 2800 659 2847 se
680 2798 883 2850 alienum
905 2801 1084 2864 gefferit
1106 2801 1163 2850 ad
1188 2800 1345 2849 fratres
1370 2802 1488 2860 suos,
1527 2819 1617 2850 non
1640 2803 1768 2864 quod
1806 2803 1841 2849 is
1864 2803 2031 2851 alienus
2053 2799 2208 2858 fuerit,
2243 2797 2422 2848 amavit

426 2865 551 2912 enim
575 2866 694 2923 illos,
728 2882 838 2914 nam
871 2865 1114 2916 conversus
1148 2869 1207 2915 ab
1232 2867 1318 2915 illis
1345 2868 1488 2927 flevit,
1529 2869 1651 2917 Vers
1663 2886 1672 2915 :
1701 2885 1780 2930 24,
1816 2868 1894 2916 sed
1916 2868 2116 2916 alienum
2156 2881 2184 2913 a
2209 2878 2335 2928 parte
2361 2865 2418 2911 il-

426 2931 580 2979 lorum
605 2932 667 2979 ob
690 2948 782 2980 non
804 2931 1194 2996 conjunffionem,
1231 2951 1318 2999 rep·
1332 2935 1568 2985 aesentatur
1592 2952 1673 2999 per
1694 2934 1822 2998 quod
1848 2933 1938 2997 ipse
1962 2932 2006 2979 se
2031 2931 2090 2979 ita
2113 2931 2323 2992 gesserit:
2360 2929 2416 2976 fi-

426 3011 504 3044 cut
531 3014 611 3059 pso
634 2999 867 3063 exemp10‚
905 2999 981 3048 ubi
1009 3000 1173 3050 dicitur
1197 3001 1243 3049 in
1270 3003 1439 3059 Verbo,
1476 3003 1605 3068 quod
1625 3001 1841 3066 Jehovah
1863 2999 1936 3046 seu
1958 2998 2192 3046 Dominus
2214 2997 2415 3044 alienum

425 3061 470 3109 se
489 3076 614 3123 gerat
639 3066 829 3127 populo,
870 3079 1073 3130 opponat
1096 3065 1138 3113 se
1163 3066 1280 3123 ilios,
1314 3067 1481 3130 rejiciat
1520 3068 1636 3124 illos,
1673 3070 1878 3121 damnet,
1919 3065 2072 3112 mittat
2097 3064 2144 3111 in
2170 3062 2430 3119 infernum,

424 3130 601 3193 puniat,
638 3131 884 3180 cleleetetur
903 3146 955 3181 ut
981 3132 1085 3178 talia
1108 3133 1236 3188 fiant,
1273 3135 1544 3197 intelligitur
1570 3136 1615 3180 in
1641 3133 1765 3180 sensu
1792 3133 1986 3187 interno,
2021 3129 2148 3194 quod
2174 3129 2239 3176 illi
2271 3129 2313 3176 se
2341 3127 2421 3175 ati-

421 3210 531 3244 tnos
562 3195 761 3258 Jehoxtae
786 3197 858 3250 seu
882 3198 1092 3265 Domino
1125 3210 1302 3262 gerant,
1335 3212 1576 3266 opponant
1610 3199 1656 3250 se
1686 3199 1796 3266 Ipsi,
1831 3198 1886 3259 in·
1918 3196 2052 3248 malis
2087 3194 2174 3248 fint
2195 3191 2423 3306 quaefeiit·

2286 3274 2390 3307 ciun

1599 3420 1620 3432 N
