<?xml version="1.0" encoding="UTF-8"?>
<!DOCTYPE html PUBLIC "-//W3C//DTD XHTML 1.0 Transitional//EN"
    "http://www.w3.org/TR/xhtml1/DTD/xhtml1-transitional.dtd">
<html xmlns="http://www.w3.org/1999/xhtml" xml:lang="en" lang="en">
 <head>
  <title>
</title>
<meta http-equiv="Content-Type" content="text/html;charset=utf-8" />
  <meta name='ocr-system' content='tesseract 3.04.00' />
  <meta name='ocr-capabilities' content='ocr_page ocr_carea ocr_par ocr_line ocrx_word'/>
</head>
<body>
  <div class='ocr_page' id='page_1' title='image "arcanacaelestiaq05sweduoft_0115.png"; bbox 0 0 2626 3666; ppageno 0'>
   <div class='ocr_carea' id='block_1_1' title="bbox 303 137 332 147">
    <p class='ocr_par' dir='ltr' id='par_1_1' title="bbox 303 137 332 147">
     <span class='ocr_line' id='line_1_1' title="bbox 303 137 332 147; baseline 0 -3"><span class='ocrx_word' id='word_1_1' title='bbox 303 137 332 147; x_wconf 27' lang='lat' dir='ltr'>,a</span> 
     </span>
    </p>
   </div>
   <div class='ocr_carea' id='block_1_2' title="bbox 272 248 2238 339">
    <p class='ocr_par' dir='ltr' id='par_1_2' title="bbox 272 248 2238 339">
     <span class='ocr_line' id='line_1_2' title="bbox 272 248 2238 339; baseline -0.001 -16"><span class='ocrx_word' id='word_1_2' title='bbox 272 255 589 326; x_wconf 82' lang='lat' dir='ltr'>CAPUT</span> <span class='ocrx_word' id='word_1_3' title='bbox 604 248 1476 338; x_wconf 74' lang='lat' dir='ltr'>QUADRAGESIMUM</span> <span class='ocrx_word' id='word_1_4' title='bbox 1504 249 2063 319; x_wconf 76' lang='lat' dir='ltr'><strong>SECUNDUM.</strong></span> <span class='ocrx_word' id='word_1_5' title='bbox 2114 274 2143 320; x_wconf 86' lang='lat'>1</span> <span class='ocrx_word' id='word_1_6' title='bbox 2161 276 2189 321; x_wconf 83' lang='lat'>1</span> <span class='ocrx_word' id='word_1_7' title='bbox 2210 274 2238 339; x_wconf 74' lang='lat' dir='ltr'>t</span> 
     </span>
    </p>
   </div>
   <div class='ocr_carea' id='block_1_3' title="bbox 197 373 2262 3367">
    <p class='ocr_par' dir='ltr' id='par_1_3' title="bbox 232 373 2262 971">
     <span class='ocr_line' id='line_1_3' title="bbox 240 373 2240 440; baseline -0.004 -9"><span class='ocrx_word' id='word_1_8' title='bbox 240 381 370 431; x_wconf 87' lang='lat' dir='ltr'>ciunt</span> <span class='ocrx_word' id='word_1_9' title='bbox 394 382 539 430; x_wconf 80' lang='lat' dir='ltr'>illos-a</span> <span class='ocrx_word' id='word_1_10' title='bbox 564 378 678 427; x_wconf 84' lang='lat' dir='ltr'>facie</span> <span class='ocrx_word' id='word_1_11' title='bbox 706 378 864 440; x_wconf 61' lang='lat' dir='ltr'>Ipfiue,</span> <span class='ocrx_word' id='word_1_12' title='bbox 900 389 1008 438; x_wconf 81' lang='lat' dir='ltr'>quae</span> <span class='ocrx_word' id='word_1_13' title='bbox 1047 374 1270 421; x_wconf 86' lang='lat' dir='ltr'>damnant</span> <span class='ocrx_word' id='word_1_14' title='bbox 1303 373 1419 428; x_wconf 88' lang='lat' dir='ltr'>illos,</span> <span class='ocrx_word' id='word_1_15' title='bbox 1455 391 1564 438; x_wconf 81' lang='lat' dir='ltr'>quae</span> <span class='ocrx_word' id='word_1_16' title='bbox 1602 376 1789 423; x_wconf 85' lang='lat' dir='ltr'>mittunt</span> <span class='ocrx_word' id='word_1_17' title='bbox 1825 375 1868 422; x_wconf 88' lang='lat' dir='ltr'>in</span> <span class='ocrx_word' id='word_1_18' title='bbox 1906 375 2151 430; x_wconf 53' lang='lat' dir='ltr'>infirmum,</span> <span class='ocrx_word' id='word_1_19' title='bbox 2190 377 2240 423; x_wconf 66' lang='lat' dir='ltr'>Sc</span> 
     </span>
     <span class='ocr_line' id='line_1_4' title="bbox 246 441 2241 514; baseline -0.005 -16"><span class='ocrx_word' id='word_1_20' title='bbox 246 466 356 514; x_wconf 85' lang='lat' dir='ltr'>quae</span> <span class='ocrx_word' id='word_1_21' title='bbox 379 449 596 512; x_wconf 83' lang='lat' dir='ltr'>puniunt,</span> <span class='ocrx_word' id='word_1_22' title='bbox 633 446 683 493; x_wconf 84' lang='lat'>&amp;</span> <span class='ocrx_word' id='word_1_23' title='bbox 707 443 836 508; x_wconf 86' lang='lat' dir='ltr'>quod</span> <span class='ocrx_word' id='word_1_24' title='bbox 870 458 927 491; x_wconf 83' lang='lat' dir='ltr'>ex</span> <span class='ocrx_word' id='word_1_25' title='bbox 951 441 1161 502; x_wconf 84' lang='lat' dir='ltr'>Jehovah</span> <span class='ocrx_word' id='word_1_26' title='bbox 1203 442 1277 486; x_wconf 78' lang='lat' dir='ltr'>seu</span> <span class='ocrx_word' id='word_1_27' title='bbox 1318 441 1531 487; x_wconf 87' lang='lat' dir='ltr'>Domino</span> <span class='ocrx_word' id='word_1_28' title='bbox 1571 442 1792 506; x_wconf 82' lang='lat' dir='ltr'>nusquam</span> <span class='ocrx_word' id='word_1_29' title='bbox 1835 444 1940 489; x_wconf 81' lang='lat' dir='ltr'>talia</span> <span class='ocrx_word' id='word_1_30' title='bbox 1966 447 2241 504; x_wconf 69' lang='lat' dir='ltr'>procedant,</span> 
     </span>
     <span class='ocr_line' id='line_1_5' title="bbox 240 507 2236 572; baseline -0.003 -9"><span class='ocrx_word' id='word_1_31' title='bbox 240 517 313 564; x_wconf 84' lang='lat' dir='ltr'>sed</span> <span class='ocrx_word' id='word_1_32' title='bbox 348 517 408 562; x_wconf 82' lang='lat' dir='ltr'>ita</span> <span class='ocrx_word' id='word_1_33' title='bbox 439 514 608 561; x_wconf 86' lang='lat' dir='ltr'>dicitur</span> <span class='ocrx_word' id='word_1_34' title='bbox 638 512 683 558; x_wconf 88' lang='lat' dir='ltr'>in</span> <span class='ocrx_word' id='word_1_35' title='bbox 711 511 867 558; x_wconf 89' lang='lat' dir='ltr'>Verbo</span> <span class='ocrx_word' id='word_1_36' title='bbox 891 522 1078 572; x_wconf 85' lang='lat' dir='ltr'>propter</span> <span class='ocrx_word' id='word_1_37' title='bbox 1110 509 1438 570; x_wconf 83' lang='lat' dir='ltr'>apparentiam,</span> <span class='ocrx_word' id='word_1_38' title='bbox 1476 507 1758 570; x_wconf 77' lang='lat' dir='ltr'>simplicibus</span> <span class='ocrx_word' id='word_1_39' title='bbox 1783 509 1908 555; x_wconf 87' lang='lat' dir='ltr'>enim</span> <span class='ocrx_word' id='word_1_40' title='bbox 1935 510 2007 555; x_wconf 75' lang='lat' dir='ltr'>‘sic</span> <span class='ocrx_word' id='word_1_41' title='bbox 2032 524 2236 572; x_wconf 56' lang='lat' dir='ltr'>apparet.</span> 
     </span>
     <span class='ocr_line' id='line_1_6' title="bbox 243 574 2262 638; baseline -0.002 -10"><span class='ocrx_word' id='word_1_42' title='bbox 243 578 460 629; x_wconf 73' lang='lat' dir='ltr'>Similiter</span> <span class='ocrx_word' id='word_1_43' title='bbox 498 580 539 627; x_wconf 86' lang='lat' dir='ltr'>se</span> <span class='ocrx_word' id='word_1_44' title='bbox 574 578 708 626; x_wconf 87' lang='lat' dir='ltr'>habet</span> <span class='ocrx_word' id='word_1_45' title='bbox 743 591 850 626; x_wconf 89' lang='lat' dir='ltr'>cum</span> <span class='ocrx_word' id='word_1_46' title='bbox 890 577 1009 623; x_wconf 82' lang='lat' dir='ltr'>veris</span> <span class='ocrx_word' id='word_1_47' title='bbox 1050 574 1250 629; x_wconf 86' lang='lat' dir='ltr'>internis,</span> <span class='ocrx_word' id='word_1_48' title='bbox 1301 589 1410 620; x_wconf 89' lang='lat' dir='ltr'>cum</span> <span class='ocrx_word' id='word_1_49' title='bbox 1452 590 1503 622; x_wconf 86' lang='lat' dir='ltr'>ea</span> <span class='ocrx_word' id='word_1_50' title='bbox 1544 574 1798 638; x_wconf 64' lang='lat' dir='ltr'>lpestantur</span> <span class='ocrx_word' id='word_1_51' title='bbox 1828 592 1851 621; x_wconf 88' lang='lat' dir='ltr'>a</span> <span class='ocrx_word' id='word_1_52' title='bbox 1890 577 2007 622; x_wconf 79' lang='lat' dir='ltr'>veris</span> <span class='ocrx_word' id='word_1_53' title='bbox 2040 592 2194 622; x_wconf 60' lang='lat' dir='ltr'>exteri}</span> <span class='ocrx_word' id='word_1_54' title='bbox 2218 592 2262 628; x_wconf 13' lang='lat' dir='ltr'>s*</span> 
     </span>
     <span class='ocr_line' id='line_1_7' title="bbox 236 632 2238 713; baseline -0.004 -17"><span class='ocrx_word' id='word_1_55' title='bbox 236 647 404 713; x_wconf 87' lang='lat' dir='ltr'>absque</span> <span class='ocrx_word' id='word_1_56' title='bbox 428 632 751 709; x_wconf 58' lang='lat' dir='ltr'>conjunctione</span> <span class='ocrx_word' id='word_1_57' title='bbox 776 659 856 707; x_wconf 89' lang='lat' dir='ltr'>per</span> <span class='ocrx_word' id='word_1_58' title='bbox 879 641 1107 696; x_wconf 77' lang='lat' dir='ltr'>medium,</span> <span class='ocrx_word' id='word_1_59' title='bbox 1144 653 1252 687; x_wconf 88' lang='lat' dir='ltr'>tunc</span> <span class='ocrx_word' id='word_1_60' title='bbox 1275 655 1493 703; x_wconf 85' lang='lat' dir='ltr'>apparent</span> <span class='ocrx_word' id='word_1_61' title='bbox 1516 640 1592 687; x_wconf 89' lang='lat' dir='ltr'>illa</span> <span class='ocrx_word' id='word_1_62' title='bbox 1628 657 1734 687; x_wconf 88' lang='lat' dir='ltr'>vera</span> <span class='ocrx_word' id='word_1_63' title='bbox 1757 643 1817 688; x_wconf 76' lang='lat' dir='ltr'>ab·</span> <span class='ocrx_word' id='word_1_64' title='bbox 1839 642 1906 689; x_wconf 85' lang='lat' dir='ltr'>his</span> <span class='ocrx_word' id='word_1_65' title='bbox 1931 643 2108 705; x_wconf 84' lang='lat' dir='ltr'>prorsus</span> <span class='ocrx_word' id='word_1_66' title='bbox 2132 643 2238 688; x_wconf 78' lang='lat' dir='ltr'>alie·</span> 
     </span>
     <span class='ocr_line' id='line_1_8' title="bbox 233 707 2234 778; baseline -0.005 -16"><span class='ocrx_word' id='word_1_67' title='bbox 233 730 307 769; x_wconf 89' lang='lat' dir='ltr'>na,</span> <span class='ocrx_word' id='word_1_68' title='bbox 344 715 440 761; x_wconf 87' lang='lat' dir='ltr'>imo</span> <span class='ocrx_word' id='word_1_69' title='bbox 469 713 750 778; x_wconf 85' lang='lat' dir='ltr'>quandoque</span> <span class='ocrx_word' id='word_1_70' title='bbox 784 708 1010 773; x_wconf 75' lang='lat' dir='ltr'>opposita,</span> <span class='ocrx_word' id='word_1_71' title='bbox 1040 723 1147 769; x_wconf 11' lang='lat' dir='ltr'>&gt;cum</span> <span class='ocrx_word' id='word_1_72' title='bbox 1170 720 1323 754; x_wconf 87' lang='lat' dir='ltr'>tamen</span> <span class='ocrx_word' id='word_1_73' title='bbox 1347 707 1563 772; x_wconf 77' lang='lat' dir='ltr'>opposito</span> <span class='ocrx_word' id='word_1_74' title='bbox 1595 723 1684 753; x_wconf 90' lang='lat' dir='ltr'>non</span> <span class='ocrx_word' id='word_1_75' title='bbox 1717 707 1779 755; x_wconf 86' lang='lat' dir='ltr'>est</span> <span class='ocrx_word' id='word_1_76' title='bbox 1805 708 1994 771; x_wconf 18' lang='lat' dir='ltr'>in‘vcris</span> <span class='ocrx_word' id='word_1_77' title='bbox 2031 710 2234 766; x_wconf 58' lang='lat' dir='ltr'>internis,</span> 
     </span>
     <span class='ocr_line' id='line_1_9' title="bbox 233 768 2235 844; baseline -0.003 -15"><span class='ocrx_word' id='word_1_78' title='bbox 233 780 309 829; x_wconf 88' lang='lat' dir='ltr'>sed</span> <span class='ocrx_word' id='word_1_79' title='bbox 327 780 450 844; x_wconf 89' lang='lat' dir='ltr'>apud</span> <span class='ocrx_word' id='word_1_80' title='bbox 469 796 574 828; x_wconf 89' lang='lat' dir='ltr'>vera</span> <span class='ocrx_word' id='word_1_81' title='bbox 591 793 805 831; x_wconf 76' lang='lat' dir='ltr'>eXterna3</span> <span class='ocrx_word' id='word_1_82' title='bbox 841 777 938 823; x_wconf 84' lang='lat' dir='ltr'>haec</span> <span class='ocrx_word' id='word_1_83' title='bbox 972 774 1098 821; x_wconf 90' lang='lat' dir='ltr'>enirn</span> <span class='ocrx_word' id='word_1_84' title='bbox 1123 773 1288 837; x_wconf 84' lang='lat' dir='ltr'>absque</span> <span class='ocrx_word' id='word_1_85' title='bbox 1311 773 1632 837; x_wconf 58' lang='lat' dir='ltr'>conjunctione</span> <span class='ocrx_word' id='word_1_86' title='bbox 1658 768 1738 835; x_wconf 78' lang='lat' dir='ltr'>per</span> <span class='ocrx_word' id='word_1_87' title='bbox 1763 774 1967 821; x_wconf 86' lang='lat' dir='ltr'>medium</span> <span class='ocrx_word' id='word_1_88' title='bbox 1995 791 2084 822; x_wconf 77' lang='lat' dir='ltr'>non</span> <span class='ocrx_word' id='word_1_89' title='bbox 2109 775 2235 838; x_wconf 65' lang='lat' dir='ltr'>spec·</span> 
     </span>
     <span class='ocr_line' id='line_1_10' title="bbox 232 839 2238 911; baseline -0.002 -16"><span class='ocrx_word' id='word_1_90' title='bbox 232 862 326 894; x_wconf 86' lang='lat' dir='ltr'>tare</span> <span class='ocrx_word' id='word_1_91' title='bbox 362 847 546 911; x_wconf 76' lang='lat' dir='ltr'>possunt</span> <span class='ocrx_word' id='word_1_92' title='bbox 580 845 654 892; x_wconf 88' lang='lat' dir='ltr'>illa</span> <span class='ocrx_word' id='word_1_93' title='bbox 687 845 816 892; x_wconf 88' lang='lat' dir='ltr'>aliter</span> <span class='ocrx_word' id='word_1_94' title='bbox 848 857 988 905; x_wconf 89' lang='lat' dir='ltr'>quam</span> <span class='ocrx_word' id='word_1_95' title='bbox 1008 857 1034 888; x_wconf 89' lang='lat' dir='ltr'>a</span> <span class='ocrx_word' id='word_1_96' title='bbox 1057 839 1157 887; x_wconf 89' lang='lat' dir='ltr'>luce</span> <span class='ocrx_word' id='word_1_97' title='bbox 1182 839 1343 887; x_wconf 84' lang='lat' dir='ltr'>mundi</span> <span class='ocrx_word' id='word_1_98' title='bbox 1375 841 1573 903; x_wconf 87' lang='lat' dir='ltr'>separata</span> <span class='ocrx_word' id='word_1_99' title='bbox 1595 856 1622 888; x_wconf 87' lang='lat' dir='ltr'>a</span> <span class='ocrx_word' id='word_1_100' title='bbox 1655 841 1756 888; x_wconf 92' lang='lat' dir='ltr'>luce</span> <span class='ocrx_word' id='word_1_101' title='bbox 1779 843 1903 898; x_wconf 75' lang='lat' dir='ltr'>coeli,</span> <span class='ocrx_word' id='word_1_102' title='bbox 1940 842 2238 904; x_wconf 78' lang='lat' dir='ltr'>conseqenter</span> 
     </span>
     <span class='ocr_line' id='line_1_11' title="bbox 235 905 1494 971; baseline -0.005 -9"><span class='ocrx_word' id='word_1_103' title='bbox 235 916 380 962; x_wconf 86' lang='lat' dir='ltr'>aliena</span> <span class='ocrx_word' id='word_1_104' title='bbox 409 929 436 960; x_wconf 92' lang='lat' dir='ltr'>a</span> <span class='ocrx_word' id='word_1_105' title='bbox 470 914 542 960; x_wconf 91' lang='lat' dir='ltr'>se:</span> <span class='ocrx_word' id='word_1_106' title='bbox 579 911 655 958; x_wconf 90' lang='lat' dir='ltr'>sed</span> <span class='ocrx_word' id='word_1_107' title='bbox 679 912 738 957; x_wconf 90' lang='lat' dir='ltr'>de</span> <span class='ocrx_word' id='word_1_108' title='bbox 762 910 844 956; x_wconf 91' lang='lat' dir='ltr'>hac</span> <span class='ocrx_word' id='word_1_109' title='bbox 877 924 924 954; x_wconf 89' lang='lat' dir='ltr'>re</span> <span class='ocrx_word' id='word_1_110' title='bbox 958 908 1085 970; x_wconf 89' lang='lat' dir='ltr'>plura</span> <span class='ocrx_word' id='word_1_111' title='bbox 1106 907 1150 954; x_wconf 87' lang='lat' dir='ltr'>in</span> <span class='ocrx_word' id='word_1_112' title='bbox 1186 905 1494 971; x_wconf 72' lang='lat' dir='ltr'>sequentibus·</span> 
     </span>
    </p>

    <p class='ocr_par' dir='ltr' id='par_1_4' title="bbox 226 972 2238 1574">
     <span class='ocr_line' id='line_1_12' title="bbox 298 972 2238 1043; baseline -0.003 -16"><span class='ocrx_word' id='word_1_113' title='bbox 298 996 446 1043; x_wconf 80' lang='lat'>5423.</span> <span class='ocrx_word' id='word_1_114' title='bbox 483 978 550 1038; x_wconf 82' lang='lat' dir='ltr'>Et</span> <span class='ocrx_word' id='word_1_115' title='bbox 574 979 793 1042; x_wconf 88' lang='lat' dir='ltr'>loquutus</span> <span class='ocrx_word' id='word_1_116' title='bbox 817 990 924 1022; x_wconf 87' lang='lat' dir='ltr'>cum</span> <span class='ocrx_word' id='word_1_117' title='bbox 951 973 1038 1021; x_wconf 85' lang='lat' dir='ltr'>illis</span> <span class='ocrx_word' id='word_1_118' title='bbox 1061 973 1191 1029; x_wconf 90' lang='lat' dir='ltr'>dura,</span> <span class='ocrx_word' id='word_1_119' title='bbox 1227 974 1353 1038; x_wconf 86' lang='lat' dir='ltr'>quod</span> <span class='ocrx_word' id='word_1_120' title='bbox 1378 974 1603 1038; x_wconf 81' lang='lat' dir='ltr'>fignificet</span> <span class='ocrx_word' id='word_1_121' title='bbox 1629 972 1736 1020; x_wconf 88' lang='lat' dir='ltr'>inde</span> <span class='ocrx_word' id='word_1_122' title='bbox 1760 989 1945 1038; x_wconf 89' lang='lat' dir='ltr'>quoque</span> <span class='ocrx_word' id='word_1_123' title='bbox 1973 991 2062 1021; x_wconf 85' lang='lat' dir='ltr'>non</span> <span class='ocrx_word' id='word_1_124' title='bbox 2089 989 2238 1022; x_wconf 89' lang='lat' dir='ltr'>corre-</span> 
     </span>
     <span class='ocr_line' id='line_1_13' title="bbox 234 1040 2238 1111; baseline -0.004 -15"><span class='ocrx_word' id='word_1_125' title='bbox 234 1047 568 1111; x_wconf 86' lang='lat' dir='ltr'>spondentiam,</span> <span class='ocrx_word' id='word_1_126' title='bbox 604 1043 779 1092; x_wconf 88' lang='lat' dir='ltr'>constat</span> <span class='ocrx_word' id='word_1_127' title='bbox 803 1057 858 1089; x_wconf 87' lang='lat' dir='ltr'>ex</span> <span class='ocrx_word' id='word_1_128' title='bbox 883 1042 1046 1088; x_wconf 88' lang='lat' dir='ltr'>eadem</span> <span class='ocrx_word' id='word_1_129' title='bbox 1073 1040 1396 1104; x_wconf 77' lang='lat' dir='ltr'>explicatione,</span> <span class='ocrx_word' id='word_1_130' title='bbox 1434 1057 1542 1106; x_wconf 89' lang='lat' dir='ltr'>quae</span> <span class='ocrx_word' id='word_1_131' title='bbox 1566 1041 1698 1103; x_wconf 90' lang='lat' dir='ltr'>supra</span> <span class='ocrx_word' id='word_1_132' title='bbox 1721 1040 1779 1086; x_wconf 90' lang='lat' dir='ltr'>de</span> <span class='ocrx_word' id='word_1_133' title='bbox 1823 1057 1877 1088; x_wconf 92' lang='lat' dir='ltr'>eo</span> <span class='ocrx_word' id='word_1_134' title='bbox 1901 1043 2027 1104; x_wconf 87' lang='lat' dir='ltr'>quod</span> <span class='ocrx_word' id='word_1_135' title='bbox 2054 1042 2238 1102; x_wconf 71' lang='lat' dir='ltr'>gefferit</span> 
     </span>
     <span class='ocr_line' id='line_1_14' title="bbox 233 1104 2236 1173; baseline -0.003 -12"><span class='ocrx_word' id='word_1_136' title='bbox 233 1114 278 1162; x_wconf 87' lang='lat' dir='ltr'>se</span> <span class='ocrx_word' id='word_1_137' title='bbox 302 1113 536 1167; x_wconf 70' lang='lat' dir='ltr'>alienum,</span> <span class='ocrx_word' id='word_1_138' title='bbox 573 1126 729 1173; x_wconf 84' lang='lat' dir='ltr'>gerere</span> <span class='ocrx_word' id='word_1_139' title='bbox 754 1110 796 1157; x_wconf 92' lang='lat' dir='ltr'>se</span> <span class='ocrx_word' id='word_1_140' title='bbox 821 1104 1017 1156; x_wconf 85' lang='lat' dir='ltr'>alienum</span> <span class='ocrx_word' id='word_1_141' title='bbox 1045 1106 1213 1170; x_wconf 58' lang='lat' dir='ltr'>speciat</span> <span class='ocrx_word' id='word_1_142' title='bbox 1252 1106 1547 1155; x_wconf 72' lang='lat' dir='ltr'>affefflonem</span> <span class='ocrx_word' id='word_1_143' title='bbox 1574 1104 1682 1170; x_wconf 78' lang='lat' dir='ltr'>quae</span> <span class='ocrx_word' id='word_1_144' title='bbox 1705 1106 1768 1152; x_wconf 89' lang='lat' dir='ltr'>est</span> <span class='ocrx_word' id='word_1_145' title='bbox 1796 1107 2057 1163; x_wconf 85' lang='lat' dir='ltr'>voluntatis,</span> <span class='ocrx_word' id='word_1_146' title='bbox 2094 1108 2138 1154; x_wconf 84' lang='lat'>&amp;</span> <span class='ocrx_word' id='word_1_147' title='bbox 2167 1107 2236 1154; x_wconf 85' lang='lat' dir='ltr'>lo-</span> 
     </span>
     <span class='ocr_line' id='line_1_15' title="bbox 230 1173 2235 1245; baseline -0.004 -17"><span class='ocrx_word' id='word_1_148' title='bbox 230 1181 312 1245; x_wconf 91' lang='lat' dir='ltr'>qui</span> <span class='ocrx_word' id='word_1_149' title='bbox 337 1180 449 1226; x_wconf 87' lang='lat' dir='ltr'>dura</span> <span class='ocrx_word' id='word_1_150' title='bbox 473 1178 642 1242; x_wconf 71' lang='lat' dir='ltr'>spectat</span> <span class='ocrx_word' id='word_1_151' title='bbox 665 1177 990 1240; x_wconf 72' lang='lat' dir='ltr'>cogitationem</span> <span class='ocrx_word' id='word_1_152' title='bbox 1029 1190 1136 1238; x_wconf 86' lang='lat' dir='ltr'>quae</span> <span class='ocrx_word' id='word_1_153' title='bbox 1168 1173 1442 1231; x_wconf 65' lang='lat' dir='ltr'>intellectus,</span> <span class='ocrx_word' id='word_1_154' title='bbox 1478 1174 1606 1238; x_wconf 90' lang='lat' dir='ltr'>loqui</span> <span class='ocrx_word' id='word_1_155' title='bbox 1645 1174 1770 1220; x_wconf 87' lang='lat' dir='ltr'>enim</span> <span class='ocrx_word' id='word_1_156' title='bbox 1815 1175 1860 1220; x_wconf 88' lang='lat' dir='ltr'>in</span> <span class='ocrx_word' id='word_1_157' title='bbox 1892 1174 2017 1221; x_wconf 89' lang='lat' dir='ltr'>sensu</span> <span class='ocrx_word' id='word_1_158' title='bbox 2058 1174 2235 1220; x_wconf 89' lang='lat' dir='ltr'>interno</span> 
     </span>
     <span class='ocr_line' id='line_1_16' title="bbox 233 1239 2237 1308; baseline -0.003 -15"><span class='ocrx_word' id='word_1_159' title='bbox 233 1247 298 1295; x_wconf 89' lang='lat' dir='ltr'>est</span> <span class='ocrx_word' id='word_1_160' title='bbox 320 1246 543 1308; x_wconf 84' lang='lat' dir='ltr'>cogitare,</span> <span class='ocrx_word' id='word_1_161' title='bbox 581 1260 637 1290; x_wconf 87' lang='lat' dir='ltr'>n:</span> <span class='ocrx_word' id='word_1_162' title='bbox 665 1258 812 1301; x_wconf 86' lang='lat'><strong>2271.</strong></span> <span class='ocrx_word' id='word_1_163' title='bbox 842 1244 985 1306; x_wconf 83' lang='lat'>2287.</span> <span class='ocrx_word' id='word_1_164' title='bbox 1009 1241 1137 1304; x_wconf 83' lang='lat'>2619</span> <span class='ocrx_word' id='word_1_165' title='bbox 1160 1262 1173 1294; x_wconf 77' lang='lat'><em>3</em></span> <span class='ocrx_word' id='word_1_166' title='bbox 1200 1253 1309 1287; x_wconf 91' lang='lat' dir='ltr'>tunc</span> <span class='ocrx_word' id='word_1_167' title='bbox 1327 1241 1452 1288; x_wconf 89' lang='lat' dir='ltr'>enim</span> <span class='ocrx_word' id='word_1_168' title='bbox 1477 1240 1708 1287; x_wconf 87' lang='lat' dir='ltr'>internum</span> <span class='ocrx_word' id='word_1_169' title='bbox 1732 1239 1929 1288; x_wconf 88' lang='lat' dir='ltr'>alienum</span> <span class='ocrx_word' id='word_1_170' title='bbox 1949 1254 2133 1304; x_wconf 84' lang='lat' dir='ltr'>apparet</span> <span class='ocrx_word' id='word_1_171' title='bbox 2157 1257 2237 1287; x_wconf 85' lang='lat' dir='ltr'>ex·-</span> 
     </span>
     <span class='ocr_line' id='line_1_17' title="bbox 233 1306 2234 1369; baseline -0.004 -8"><span class='ocrx_word' id='word_1_172' title='bbox 233 1326 381 1367; x_wconf 87' lang='lat' dir='ltr'>terno,</span> <span class='ocrx_word' id='word_1_173' title='bbox 416 1328 524 1359; x_wconf 92' lang='lat' dir='ltr'>cum</span> <span class='ocrx_word' id='word_1_174' title='bbox 550 1310 672 1357; x_wconf 85' lang='lat' dir='ltr'>nulla</span> <span class='ocrx_word' id='word_1_175' title='bbox 694 1306 896 1364; x_wconf 68' lang='lat' dir='ltr'>affectio,</span> <span class='ocrx_word' id='word_1_176' title='bbox 932 1309 984 1355; x_wconf 75' lang='grc' dir='ltr'>ὅτ</span> <span class='ocrx_word' id='word_1_177' title='bbox 1008 1320 1115 1354; x_wconf 91' lang='lat' dir='ltr'>tunc</span> <span class='ocrx_word' id='word_1_178' title='bbox 1146 1308 1378 1354; x_wconf 91' lang='lat' dir='ltr'>internum</span> <span class='ocrx_word' id='word_1_179' title='bbox 1418 1307 1527 1354; x_wconf 87' lang='lat' dir='ltr'>dura</span> <span class='ocrx_word' id='word_1_180' title='bbox 1568 1306 1699 1369; x_wconf 91' lang='lat' dir='ltr'>loqui</span> <span class='ocrx_word' id='word_1_181' title='bbox 1734 1320 1940 1369; x_wconf 89' lang='lat' dir='ltr'>apparet,</span> <span class='ocrx_word' id='word_1_182' title='bbox 1977 1323 2083 1355; x_wconf 86' lang='lat' dir='ltr'>cum</span> <span class='ocrx_word' id='word_1_183' title='bbox 2110 1307 2234 1354; x_wconf 80' lang='lat' dir='ltr'>nulla</span> 
     </span>
     <span class='ocr_line' id='line_1_18' title="bbox 227 1371 2232 1442; baseline -0.004 -14"><span class='ocrx_word' id='word_1_184' title='bbox 227 1378 624 1442; x_wconf 81' lang='lat' dir='ltr'>correspondentia</span> <span class='ocrx_word' id='word_1_185' title='bbox 646 1374 1088 1438; x_wconf 26' lang='lat' dir='ltr'>:lcorrespondentia</span> <span class='ocrx_word' id='word_1_186' title='bbox 1111 1373 1234 1419; x_wconf 89' lang='lat' dir='ltr'>enirn</span> <span class='ocrx_word' id='word_1_187' title='bbox 1260 1371 1322 1419; x_wconf 92' lang='lat' dir='ltr'>est</span> <span class='ocrx_word' id='word_1_188' title='bbox 1345 1373 1572 1437; x_wconf 84' lang='lat' dir='ltr'>apparitio</span> <span class='ocrx_word' id='word_1_189' title='bbox 1596 1372 1762 1419; x_wconf 90' lang='lat' dir='ltr'>interni</span> <span class='ocrx_word' id='word_1_190' title='bbox 1787 1376 1834 1420; x_wconf 86' lang='lat' dir='ltr'>in</span> <span class='ocrx_word' id='word_1_191' title='bbox 1852 1387 2056 1430; x_wconf 88' lang='lat' dir='ltr'>externo,</span> <span class='ocrx_word' id='word_1_192' title='bbox 2092 1374 2142 1420; x_wconf 74' lang='grc' dir='ltr'>δε</span> <span class='ocrx_word' id='word_1_193' title='bbox 2168 1374 2232 1421; x_wconf 86' lang='lat' dir='ltr'>ibi</span> 
     </span>
     <span class='ocr_line' id='line_1_19' title="bbox 226 1437 2232 1509; baseline -0.003 -16"><span class='ocrx_word' id='word_1_194' title='bbox 226 1446 322 1509; x_wconf 87' lang='lat' dir='ltr'>ejus</span> <span class='ocrx_word' id='word_1_195' title='bbox 345 1444 699 1509; x_wconf 85' lang='lat' dir='ltr'>repraesentatiO,</span> <span class='ocrx_word' id='word_1_196' title='bbox 734 1457 871 1506; x_wconf 86' lang='lat' dir='ltr'>quare</span> <span class='ocrx_word' id='word_1_197' title='bbox 897 1440 974 1486; x_wconf 90' lang='lat' dir='ltr'>ubi</span> <span class='ocrx_word' id='word_1_198' title='bbox 1000 1456 1091 1486; x_wconf 90' lang='lat' dir='ltr'>non</span> <span class='ocrx_word' id='word_1_199' title='bbox 1116 1437 1529 1501; x_wconf 68' lang='lat' dir='ltr'>correspondenda,</span> <span class='ocrx_word' id='word_1_200' title='bbox 1566 1438 1631 1485; x_wconf 90' lang='lat' dir='ltr'>est</span> <span class='ocrx_word' id='word_1_201' title='bbox 1671 1439 1791 1486; x_wconf 89' lang='lat' dir='ltr'>nulla</span> <span class='ocrx_word' id='word_1_202' title='bbox 1814 1441 2039 1504; x_wconf 85' lang='lat' dir='ltr'>apparitio</span> <span class='ocrx_word' id='word_1_203' title='bbox 2063 1442 2232 1487; x_wconf 77' lang='lat' dir='ltr'>interni</span> 
     </span>
     <span class='ocr_line' id='line_1_20' title="bbox 226 1504 1892 1574; baseline -0.002 -14"><span class='ocrx_word' id='word_1_204' title='bbox 226 1513 274 1561; x_wconf 91' lang='lat' dir='ltr'>in</span> <span class='ocrx_word' id='word_1_205' title='bbox 296 1525 486 1561; x_wconf 87' lang='lat' dir='ltr'>externo</span> <span class='ocrx_word' id='word_1_206' title='bbox 513 1508 706 1574; x_wconf 89' lang='lat' dir='ltr'>proinde</span> <span class='ocrx_word' id='word_1_207' title='bbox 730 1508 776 1554; x_wconf 87' lang='lat' dir='ltr'>in</span> <span class='ocrx_word' id='word_1_208' title='bbox 803 1508 890 1554; x_wconf 87' lang='lat' dir='ltr'>hoc</span> <span class='ocrx_word' id='word_1_209' title='bbox 914 1522 1005 1553; x_wconf 90' lang='lat' dir='ltr'>non</span> <span class='ocrx_word' id='word_1_210' title='bbox 1031 1505 1150 1562; x_wconf 72' lang='lat' dir='ltr'>illius</span> <span class='ocrx_word' id='word_1_211' title='bbox 1173 1506 1530 1567; x_wconf 85' lang='lat' dir='ltr'>repraesen&#39;tatio,</span> <span class='ocrx_word' id='word_1_212' title='bbox 1568 1504 1675 1552; x_wconf 90' lang='lat' dir='ltr'>inde</span> <span class='ocrx_word' id='word_1_213' title='bbox 1706 1506 1892 1556; x_wconf 88' lang='lat' dir='ltr'>durum.</span> 
     </span>
    </p>

    <p class='ocr_par' dir='ltr' id='par_1_5' title="bbox 226 1571 2244 1709">
     <span class='ocr_line' id='line_1_21' title="bbox 295 1571 2244 1640; baseline -0.004 -14"><span class='ocrx_word' id='word_1_214' title='bbox 295 1594 442 1640; x_wconf 83' lang='lat'>5424.</span> <span class='ocrx_word' id='word_1_215' title='bbox 481 1577 547 1624; x_wconf 85' lang='lat' dir='ltr'>Et</span> <span class='ocrx_word' id='word_1_216' title='bbox 570 1577 691 1624; x_wconf 85' lang='lat' dir='ltr'>dixit</span> <span class='ocrx_word' id='word_1_217' title='bbox 715 1575 768 1621; x_wconf 90' lang='lat' dir='ltr'>ad</span> <span class='ocrx_word' id='word_1_218' title='bbox 797 1573 914 1632; x_wconf 88' lang='lat' dir='ltr'>illos,</span> <span class='ocrx_word' id='word_1_219' title='bbox 940 1571 1293 1629; x_wconf 81' lang='lat' dir='ltr'>unde-venistis,</span> <span class='ocrx_word' id='word_1_220' title='bbox 1318 1575 1445 1639; x_wconf 88' lang='lat' dir='ltr'>quod</span> <span class='ocrx_word' id='word_1_221' title='bbox 1470 1571 1695 1637; x_wconf 87' lang='lat' dir='ltr'>fignificet</span> <span class='ocrx_word' id='word_1_222' title='bbox 1719 1572 2098 1638; x_wconf 85' lang='lat' dir='ltr'>explorationem,</span> <span class='ocrx_word' id='word_1_223' title='bbox 2122 1587 2244 1631; x_wconf 26' lang='lat' dir='ltr'>con--</span> 
     </span>
     <span class='ocr_line' id='line_1_22' title="bbox 226 1642 840 1709; baseline -0.011 -15"><span class='ocrx_word' id='word_1_224' title='bbox 226 1645 310 1694; x_wconf 92' lang='lat' dir='ltr'>stat</span> <span class='ocrx_word' id='word_1_225' title='bbox 328 1644 494 1709; x_wconf 89' lang='lat' dir='ltr'>absque</span> <span class='ocrx_word' id='word_1_226' title='bbox 519 1642 840 1707; x_wconf 86' lang='lat' dir='ltr'>explicatione.</span> 
     </span>
    </p>

    <p class='ocr_par' dir='ltr' id='par_1_6' title="bbox 230 1705 2231 1842">
     <span class='ocr_line' id='line_1_23' title="bbox 300 1705 2231 1774; baseline -0.002 -15"><span class='ocrx_word' id='word_1_227' title='bbox 300 1727 396 1771; x_wconf 82' lang='lat'>542</span> <span class='ocrx_word' id='word_1_228' title='bbox 404 1727 447 1774; x_wconf 87' lang='lat'>5.</span> <span class='ocrx_word' id='word_1_229' title='bbox 487 1710 550 1758; x_wconf 87' lang='lat' dir='ltr'>Et</span> <span class='ocrx_word' id='word_1_230' title='bbox 562 1710 795 1762; x_wconf 80' lang='lat' dir='ltr'>dixerunt,</span> <span class='ocrx_word' id='word_1_231' title='bbox 821 1723 846 1755; x_wconf 89' lang='lat' dir='ltr'>e</span> <span class='ocrx_word' id='word_1_232' title='bbox 866 1718 979 1755; x_wconf 87' lang='lat' dir='ltr'>terra</span> <span class='ocrx_word' id='word_1_233' title='bbox 992 1706 1189 1762; x_wconf 87' lang='lat' dir='ltr'>Canaan‚</span> <span class='ocrx_word' id='word_1_234' title='bbox 1207 1706 1335 1770; x_wconf 86' lang='lat' dir='ltr'>quod</span> <span class='ocrx_word' id='word_1_235' title='bbox 1356 1705 1582 1768; x_wconf 81' lang='lat' dir='ltr'>significet</span> <span class='ocrx_word' id='word_1_236' title='bbox 1598 1706 1730 1771; x_wconf 86' lang='lat' dir='ltr'>quod</span> <span class='ocrx_word' id='word_1_237' title='bbox 1748 1707 1805 1754; x_wconf 90' lang='lat' dir='ltr'>ab</span> <span class='ocrx_word' id='word_1_238' title='bbox 1821 1706 2038 1762; x_wconf 83' lang='lat' dir='ltr'>Ecclesia,</span> <span class='ocrx_word' id='word_1_239' title='bbox 2057 1707 2231 1756; x_wconf 84' lang='lat' dir='ltr'>constat</span> 
     </span>
     <span class='ocr_line' id='line_1_24' title="bbox 230 1770 2226 1842; baseline -0.002 -19"><span class='ocrx_word' id='word_1_240' title='bbox 230 1794 258 1827; x_wconf 87' lang='lat' dir='ltr'>a</span> <span class='ocrx_word' id='word_1_241' title='bbox 280 1778 613 1842; x_wconf 79' lang='lat' dir='ltr'>significatione</span> <span class='ocrx_word' id='word_1_242' title='bbox 634 1788 766 1823; x_wconf 73' lang='lat' dir='ltr'>terrae</span> <span class='ocrx_word' id='word_1_243' title='bbox 785 1775 987 1829; x_wconf 45' lang='lat' dir='ltr'>(Danaae,</span> <span class='ocrx_word' id='word_1_244' title='bbox 1007 1775 1131 1838; x_wconf 68' lang='lat' dir='ltr'>quoti</span> <span class='ocrx_word' id='word_1_245' title='bbox 1155 1774 1205 1820; x_wconf 84' lang='lat' dir='ltr'>fit</span> <span class='ocrx_word' id='word_1_246' title='bbox 1218 1770 1453 1829; x_wconf 83' lang='lat' dir='ltr'>Ecclefiae,</span> <span class='ocrx_word' id='word_1_247' title='bbox 1471 1773 1529 1820; x_wconf 88' lang='lat' dir='ltr'>de</span> <span class='ocrx_word' id='word_1_248' title='bbox 1545 1789 1638 1838; x_wconf 90' lang='lat' dir='ltr'>qua</span> <span class='ocrx_word' id='word_1_249' title='bbox 1656 1789 1715 1821; x_wconf 89' lang='lat' dir='ltr'>n:</span> <span class='ocrx_word' id='word_1_250' title='bbox 1737 1789 1879 1838; x_wconf 85' lang='lat'><em>3705.</em></span> <span class='ocrx_word' id='word_1_251' title='bbox 1907 1774 2052 1837; x_wconf 84' lang='lat'><strong>3686.</strong></span> <span class='ocrx_word' id='word_1_252' title='bbox 2072 1791 2226 1840; x_wconf 85' lang='lat'>4447.</span> 
     </span>
    </p>

    <p class='ocr_par' dir='ltr' id='par_1_7' title="bbox 224 1840 2227 2116">
     <span class='ocr_line' id='line_1_25' title="bbox 292 1840 2227 1907; baseline -0.001 -15"><span class='ocrx_word' id='word_1_253' title='bbox 292 1844 439 1907; x_wconf 84' lang='lat'><strong>5426.</strong></span> <span class='ocrx_word' id='word_1_254' title='bbox 479 1843 560 1892; x_wconf 91' lang='lat' dir='ltr'>Ad</span> <span class='ocrx_word' id='word_1_255' title='bbox 585 1843 834 1891; x_wconf 84' lang='lat' dir='ltr'>emendum</span> <span class='ocrx_word' id='word_1_256' title='bbox 858 1842 1032 1894; x_wconf 83' lang='lat' dir='ltr'>cibum,</span> <span class='ocrx_word' id='word_1_257' title='bbox 1058 1840 1195 1904; x_wconf 69' lang='lat' dir='ltr'>&#39;quod</span> <span class='ocrx_word' id='word_1_258' title='bbox 1217 1840 1444 1902; x_wconf 78' lang='lat' dir='ltr'>significet</span> <span class='ocrx_word' id='word_1_259' title='bbox 1466 1840 1520 1886; x_wconf 86' lang='lat' dir='ltr'>ad</span> <span class='ocrx_word' id='word_1_260' title='bbox 1541 1842 1936 1904; x_wconf 82' lang='lat' dir='ltr'>appropriandum</span> <span class='ocrx_word' id='word_1_261' title='bbox 1960 1857 2123 1888; x_wconf 83' lang='lat' dir='ltr'>verum</span> <span class='ocrx_word' id='word_1_262' title='bbox 2144 1843 2227 1890; x_wconf 86' lang='lat' dir='ltr'>bo-</span> 
     </span>
     <span class='ocr_line' id='line_1_26' title="bbox 224 1907 2219 1972; baseline -0.002 -12"><span class='ocrx_word' id='word_1_263' title='bbox 224 1911 290 1970; x_wconf 87' lang='lat' dir='ltr'>ni,</span> <span class='ocrx_word' id='word_1_264' title='bbox 324 1910 498 1958; x_wconf 84' lang='lat' dir='ltr'>constat</span> <span class='ocrx_word' id='word_1_265' title='bbox 520 1926 546 1956; x_wconf 89' lang='lat' dir='ltr'>a</span> <span class='ocrx_word' id='word_1_266' title='bbox 569 1910 899 1971; x_wconf 81' lang='lat' dir='ltr'>significatione</span> <span class='ocrx_word' id='word_1_267' title='bbox 923 1922 1090 1962; x_wconf 90' lang='lat' dir='ltr'>emere,</span> <span class='ocrx_word' id='word_1_268' title='bbox 1125 1908 1252 1969; x_wconf 85' lang='lat' dir='ltr'>quod</span> <span class='ocrx_word' id='word_1_269' title='bbox 1275 1907 1328 1954; x_wconf 86' lang='lat' dir='ltr'>fit</span> <span class='ocrx_word' id='word_1_270' title='bbox 1350 1907 1639 1971; x_wconf 89' lang='lat' dir='ltr'>appropriare</span> <span class='ocrx_word' id='word_1_271' title='bbox 1663 1907 1764 1964; x_wconf 79' lang='lat' dir='ltr'>fibi,</span> <span class='ocrx_word' id='word_1_272' title='bbox 1801 1907 1860 1954; x_wconf 90' lang='lat' dir='ltr'>de</span> <span class='ocrx_word' id='word_1_273' title='bbox 1878 1924 1968 1972; x_wconf 89' lang='lat' dir='ltr'>qua</span> <span class='ocrx_word' id='word_1_274' title='bbox 1989 1925 2015 1954; x_wconf 89' lang='lat' dir='ltr'>n</span> <span class='ocrx_word' id='word_1_275' title='bbox 2038 1925 2049 1955; x_wconf 91' lang='lat'>:</span> <span class='ocrx_word' id='word_1_276' title='bbox 2071 1925 2219 1972; x_wconf 87' lang='lat'>4397.</span> 
     </span>
     <span class='ocr_line' id='line_1_27' title="bbox 226 1973 2224 2042; baseline -0.002 -17"><span class='ocrx_word' id='word_1_277' title='bbox 226 1991 372 2042; x_wconf 83' lang='lat'>5374.</span> <span class='ocrx_word' id='word_1_278' title='bbox 394 1977 541 2038; x_wconf 87' lang='lat'><strong>5406.</strong></span> <span class='ocrx_word' id='word_1_279' title='bbox 567 1990 731 2038; x_wconf 77' lang='lat' dir='ltr'>54ro;</span> <span class='ocrx_word' id='word_1_280' title='bbox 766 1977 817 2024; x_wconf 88' lang='lat'>&amp;</span> <span class='ocrx_word' id='word_1_281' title='bbox 839 1990 865 2021; x_wconf 90' lang='lat' dir='ltr'>a</span> <span class='ocrx_word' id='word_1_282' title='bbox 888 1974 1219 2036; x_wconf 83' lang='lat' dir='ltr'>significatione</span> <span class='ocrx_word' id='word_1_283' title='bbox 1241 1973 1350 2031; x_wconf 89' lang='lat' dir='ltr'>cibi,</span> <span class='ocrx_word' id='word_1_284' title='bbox 1384 1974 1510 2038; x_wconf 90' lang='lat' dir='ltr'>quod</span> <span class='ocrx_word' id='word_1_285' title='bbox 1545 1974 1598 2022; x_wconf 87' lang='lat' dir='ltr'>fit</span> <span class='ocrx_word' id='word_1_286' title='bbox 1621 1990 1782 2022; x_wconf 89' lang='lat' dir='ltr'>verum</span> <span class='ocrx_word' id='word_1_287' title='bbox 1807 1974 1933 2032; x_wconf 79' lang='lat' dir='ltr'>boni,</span> <span class='ocrx_word' id='word_1_288' title='bbox 1968 1974 2026 2022; x_wconf 86' lang='lat' dir='ltr'>de</span> <span class='ocrx_word' id='word_1_289' title='bbox 2050 1990 2140 2039; x_wconf 88' lang='lat' dir='ltr'>qua</span> <span class='ocrx_word' id='word_1_290' title='bbox 2165 1992 2224 2023; x_wconf 86' lang='lat' dir='ltr'>n:</span> 
     </span>
     <span class='ocr_line' id='line_1_28' title="bbox 225 2057 2227 2116; baseline -0.004 -10"><span class='ocrx_word' id='word_1_291' title='bbox 225 2059 370 2106; x_wconf 86' lang='lat'><strong>5293·</strong></span> <span class='ocrx_word' id='word_1_292' title='bbox 400 2058 543 2105; x_wconf 84' lang='lat'>5340-</span> <span class='ocrx_word' id='word_1_293' title='bbox 567 2057 748 2116; x_wconf 56' lang='lat'>5342,</span> <span class='ocrx_word' id='word_1_294' title='bbox 1238 2084 1240 2086; x_wconf 91' lang='lat'><em>-</em></span> <span class='ocrx_word' id='word_1_295' title='bbox 2038 2106 2048 2116; x_wconf 90' lang='lat'><strong>.</strong></span> <span class='ocrx_word' id='word_1_296' title='bbox 2223 2082 2227 2087; x_wconf 91' lang='lat'><em>-</em></span> 
     </span>
    </p>

    <p class='ocr_par' dir='ltr' id='par_1_8' title="bbox 213 2106 2225 3102">
     <span class='ocr_line' id='line_1_29' title="bbox 290 2106 2225 2175; baseline -0.001 -17"><span class='ocrx_word' id='word_1_297' title='bbox 290 2124 439 2175; x_wconf 86' lang='lat'><strong><em>5427.</em></strong></span> <span class='ocrx_word' id='word_1_298' title='bbox 482 2108 544 2156; x_wconf 83' lang='lat' dir='ltr'>Er</span> <span class='ocrx_word' id='word_1_299' title='bbox 580 2119 772 2172; x_wconf 77' lang='lat' dir='ltr'>agnovit</span> <span class='ocrx_word' id='word_1_300' title='bbox 790 2106 964 2171; x_wconf 84' lang='lat' dir='ltr'>Joseph</span> <span class='ocrx_word' id='word_1_301' title='bbox 985 2106 1138 2154; x_wconf 82' lang='lat' dir='ltr'>fratres</span> <span class='ocrx_word' id='word_1_302' title='bbox 1162 2106 1277 2164; x_wconf 82' lang='lat' dir='ltr'>suOS,</span> <span class='ocrx_word' id='word_1_303' title='bbox 1314 2106 1443 2171; x_wconf 89' lang='lat' dir='ltr'>quod</span> <span class='ocrx_word' id='word_1_304' title='bbox 1479 2107 1702 2170; x_wconf 76' lang='lat' dir='ltr'>significet</span> <span class='ocrx_word' id='word_1_305' title='bbox 1731 2108 1859 2171; x_wconf 89' lang='lat' dir='ltr'>quod</span> <span class='ocrx_word' id='word_1_306' title='bbox 1898 2123 2004 2155; x_wconf 87' lang='lat' dir='ltr'>vera</span> <span class='ocrx_word' id='word_1_307' title='bbox 2037 2106 2111 2156; x_wconf 79' lang='lat' dir='ltr'>illa</span> <span class='ocrx_word' id='word_1_308' title='bbox 2133 2107 2225 2156; x_wconf 85' lang='lat' dir='ltr'>Ec-</span> 
     </span>
     <span class='ocr_line' id='line_1_30' title="bbox 221 2173 2224 2238; baseline -0.001 -14"><span class='ocrx_word' id='word_1_309' title='bbox 221 2176 385 2233; x_wconf 85' lang='lat' dir='ltr'>clefiae,</span> <span class='ocrx_word' id='word_1_310' title='bbox 403 2175 596 2223; x_wconf 81' lang='lat' dir='ltr'>Coelesti</span> <span class='ocrx_word' id='word_1_311' title='bbox 622 2173 858 2237; x_wconf 73' lang='lat' dir='ltr'>spiritualis</span> <span class='ocrx_word' id='word_1_312' title='bbox 882 2191 940 2221; x_wconf 76' lang='lat' dir='ltr'>ex</span> <span class='ocrx_word' id='word_1_313' title='bbox 964 2173 1060 2221; x_wconf 89' lang='lat' dir='ltr'>luce</span> <span class='ocrx_word' id='word_1_314' title='bbox 1084 2173 1177 2236; x_wconf 89' lang='lat' dir='ltr'>ejus</span> <span class='ocrx_word' id='word_1_315' title='bbox 1200 2186 1487 2238; x_wconf 88' lang='lat' dir='ltr'>apparerent,</span> <span class='ocrx_word' id='word_1_316' title='bbox 1513 2173 1687 2221; x_wconf 87' lang='lat' dir='ltr'>constat</span> <span class='ocrx_word' id='word_1_317' title='bbox 1705 2190 1761 2221; x_wconf 86' lang='lat' dir='ltr'>ex</span> <span class='ocrx_word' id='word_1_318' title='bbox 1774 2174 2112 2237; x_wconf 78' lang='lat' dir='ltr'>-fignificatione</span> <span class='ocrx_word' id='word_1_319' title='bbox 2136 2175 2224 2238; x_wconf 75' lang='lat' dir='ltr'>ag·-</span> 
     </span>
     <span class='ocr_line' id='line_1_31' title="bbox 219 2238 2222 2307; baseline -0.002 -15"><span class='ocrx_word' id='word_1_320' title='bbox 219 2238 411 2299; x_wconf 82' lang='lat' dir='ltr'>noscere,</span> <span class='ocrx_word' id='word_1_321' title='bbox 447 2242 576 2307; x_wconf 87' lang='lat' dir='ltr'>quod</span> <span class='ocrx_word' id='word_1_322' title='bbox 625 2242 679 2289; x_wconf 88' lang='lat' dir='ltr'>fit</span> <span class='ocrx_word' id='word_1_323' title='bbox 726 2243 973 2304; x_wconf 84' lang='lat' dir='ltr'>percipere,</span> <span class='ocrx_word' id='word_1_324' title='bbox 1010 2241 1184 2298; x_wconf 88' lang='lat' dir='ltr'>videre,</span> <span class='ocrx_word' id='word_1_325' title='bbox 1238 2242 1299 2287; x_wconf 88' lang='lat' dir='ltr'>ita</span> <span class='ocrx_word' id='word_1_326' title='bbox 1334 2255 1581 2303; x_wconf 79' lang='lat' dir='ltr'>apparere3</span> <span class='ocrx_word' id='word_1_327' title='bbox 1617 2257 1675 2288; x_wconf 86' lang='lat' dir='ltr'>ex</span> <span class='ocrx_word' id='word_1_328' title='bbox 1717 2240 2109 2304; x_wconf 75' lang='lat' dir='ltr'>repraesentatione</span> <span class='ocrx_word' id='word_1_329' title='bbox 2132 2241 2222 2302; x_wconf 88' lang='lat' dir='ltr'>Jo-</span> 
     </span>
     <span class='ocr_line' id='line_1_32' title="bbox 223 2303 2219 2374; baseline -0.001 -18"><span class='ocrx_word' id='word_1_330' title='bbox 223 2308 367 2373; x_wconf 92' lang='lat' dir='ltr'>sephi,</span> <span class='ocrx_word' id='word_1_331' title='bbox 403 2310 532 2374; x_wconf 91' lang='lat' dir='ltr'>quod</span> <span class='ocrx_word' id='word_1_332' title='bbox 557 2309 611 2372; x_wconf 83' lang='lat' dir='ltr'>fit</span> <span class='ocrx_word' id='word_1_333' title='bbox 626 2303 806 2355; x_wconf 77' lang='lat' dir='ltr'>coeleste</span> <span class='ocrx_word' id='word_1_334' title='bbox 830 2306 1084 2372; x_wconf 79' lang='lat' dir='ltr'>spiritualis,</span> <span class='ocrx_word' id='word_1_335' title='bbox 1119 2307 1178 2352; x_wconf 77' lang='lat' dir='ltr'>de</span> <span class='ocrx_word' id='word_1_336' title='bbox 1202 2324 1293 2372; x_wconf 87' lang='lat' dir='ltr'>qua</span> <span class='ocrx_word' id='word_1_337' title='bbox 1317 2309 1439 2371; x_wconf 88' lang='lat' dir='ltr'>prius</span> <span class='ocrx_word' id='word_1_338' title='bbox 1461 2327 1475 2360; x_wconf 90' lang='lat'>;</span> <span class='ocrx_word' id='word_1_339' title='bbox 1510 2307 1561 2354; x_wconf 72' lang='grc' dir='ltr'>ὅτ</span> <span class='ocrx_word' id='word_1_340' title='bbox 1595 2323 1654 2354; x_wconf 89' lang='lat' dir='ltr'>ex</span> <span class='ocrx_word' id='word_1_341' title='bbox 1677 2307 2003 2371; x_wconf 72' lang='lat' dir='ltr'>significatione</span> <span class='ocrx_word' id='word_1_342' title='bbox 2028 2306 2219 2355; x_wconf 85' lang='lat' dir='ltr'>fratrum</span> 
     </span>
     <span class='ocr_line' id='line_1_33' title="bbox 220 2373 2218 2440; baseline -0.001 -18"><span class='ocrx_word' id='word_1_343' title='bbox 220 2374 335 2438; x_wconf 87' lang='lat' dir='ltr'>ejus,</span> <span class='ocrx_word' id='word_1_344' title='bbox 359 2377 487 2440; x_wconf 85' lang='lat' dir='ltr'>quod</span> <span class='ocrx_word' id='word_1_345' title='bbox 511 2375 564 2423; x_wconf 88' lang='lat' dir='ltr'>fit</span> <span class='ocrx_word' id='word_1_346' title='bbox 587 2391 692 2423; x_wconf 88' lang='lat' dir='ltr'>vera</span> <span class='ocrx_word' id='word_1_347' title='bbox 714 2375 978 2423; x_wconf 87' lang='lat' dir='ltr'>communia</span> <span class='ocrx_word' id='word_1_348' title='bbox 1004 2373 1235 2429; x_wconf 84' lang='lat' dir='ltr'>Ecclefiae,</span> <span class='ocrx_word' id='word_1_349' title='bbox 1259 2375 1316 2420; x_wconf 91' lang='lat' dir='ltr'>de</span> <span class='ocrx_word' id='word_1_350' title='bbox 1340 2390 1426 2438; x_wconf 87' lang='lat' dir='ltr'>qua</span> <span class='ocrx_word' id='word_1_351' title='bbox 1448 2373 1577 2437; x_wconf 90' lang='lat' dir='ltr'>supra</span> <span class='ocrx_word' id='word_1_352' title='bbox 1595 2390 1652 2420; x_wconf 93' lang='lat' dir='ltr'>n:</span> <span class='ocrx_word' id='word_1_353' title='bbox 1681 2390 1825 2437; x_wconf 85' lang='lat'>5409.</span> <span class='ocrx_word' id='word_1_354' title='bbox 1854 2390 1979 2440; x_wconf 77' lang='lat'>5419</span> <span class='ocrx_word' id='word_1_355' title='bbox 2001 2395 2015 2428; x_wconf 86' lang='lat'>;</span> <span class='ocrx_word' id='word_1_356' title='bbox 2040 2375 2088 2422; x_wconf 87' lang='lat'>&amp;</span> <span class='ocrx_word' id='word_1_357' title='bbox 2108 2376 2218 2438; x_wconf 87' lang='lat' dir='ltr'>quia</span> 
     </span>
     <span class='ocr_line' id='line_1_34' title="bbox 217 2440 2219 2506; baseline 0 -18"><span class='ocrx_word' id='word_1_358' title='bbox 217 2458 303 2506; x_wconf 88' lang='lat' dir='ltr'>per</span> <span class='ocrx_word' id='word_1_359' title='bbox 325 2444 515 2501; x_wconf 83' lang='lat' dir='ltr'>agnovit</span> <span class='ocrx_word' id='word_1_360' title='bbox 539 2441 712 2506; x_wconf 89' lang='lat' dir='ltr'>Joseph</span> <span class='ocrx_word' id='word_1_361' title='bbox 739 2440 891 2490; x_wconf 87' lang='lat' dir='ltr'>fratres</span> <span class='ocrx_word' id='word_1_362' title='bbox 916 2441 1030 2496; x_wconf 90' lang='lat' dir='ltr'>suos,</span> <span class='ocrx_word' id='word_1_363' title='bbox 1067 2441 1142 2488; x_wconf 89' lang='lat' dir='ltr'>illa</span> <span class='ocrx_word' id='word_1_364' title='bbox 1167 2440 1494 2504; x_wconf 75' lang='lat' dir='ltr'>significantur,</span> <span class='ocrx_word' id='word_1_365' title='bbox 1532 2456 1698 2505; x_wconf 86' lang='lat' dir='ltr'>nempe</span> <span class='ocrx_word' id='word_1_366' title='bbox 1720 2440 1847 2504; x_wconf 90' lang='lat' dir='ltr'>quod</span> <span class='ocrx_word' id='word_1_367' title='bbox 1881 2457 1984 2488; x_wconf 88' lang='lat' dir='ltr'>vera</span> <span class='ocrx_word' id='word_1_368' title='bbox 2007 2456 2219 2488; x_wconf 84' lang='lat' dir='ltr'>commu-</span> 
     </span>
     <span class='ocr_line' id='line_1_35' title="bbox 216 2507 2219 2572; baseline -0 -16"><span class='ocrx_word' id='word_1_369' title='bbox 216 2510 294 2559; x_wconf 89' lang='lat' dir='ltr'>nia</span> <span class='ocrx_word' id='word_1_370' title='bbox 331 2507 542 2566; x_wconf 83' lang='lat' dir='ltr'>Ecclefiae</span> <span class='ocrx_word' id='word_1_371' title='bbox 574 2507 762 2556; x_wconf 87' lang='lat' dir='ltr'>Coelesti</span> <span class='ocrx_word' id='word_1_372' title='bbox 803 2507 1043 2571; x_wconf 79' lang='lat' dir='ltr'>spiritualis</span> <span class='ocrx_word' id='word_1_373' title='bbox 1082 2519 1363 2572; x_wconf 88' lang='lat' dir='ltr'>apparerent,</span> <span class='ocrx_word' id='word_1_374' title='bbox 1415 2507 1615 2571; x_wconf 84' lang='lat' dir='ltr'>sequitur</span> <span class='ocrx_word' id='word_1_375' title='bbox 1651 2507 1777 2571; x_wconf 84' lang='lat' dir='ltr'>quod</span> <span class='ocrx_word' id='word_1_376' title='bbox 1818 2522 1875 2552; x_wconf 85' lang='lat' dir='ltr'>ex</span> <span class='ocrx_word' id='word_1_377' title='bbox 1913 2508 2009 2554; x_wconf 89' lang='lat' dir='ltr'>luce</span> <span class='ocrx_word' id='word_1_378' title='bbox 2044 2507 2089 2553; x_wconf 89' lang='lat' dir='ltr'>in</span> <span class='ocrx_word' id='word_1_379' title='bbox 2126 2522 2219 2570; x_wconf 86' lang='lat' dir='ltr'>qua</span> 
     </span>
     <span class='ocr_line' id='line_1_36' title="bbox 217 2571 2211 2636; baseline -0.001 -14"><span class='ocrx_word' id='word_1_380' title='bbox 217 2574 399 2622; x_wconf 86' lang='lat' dir='ltr'>coeleste</span> <span class='ocrx_word' id='word_1_381' title='bbox 425 2573 678 2635; x_wconf 85' lang='lat' dir='ltr'>spiritualis,</span> <span class='ocrx_word' id='word_1_382' title='bbox 719 2575 779 2622; x_wconf 85' lang='lat' dir='ltr'>ita</span> <span class='ocrx_word' id='word_1_383' title='bbox 812 2591 869 2621; x_wconf 85' lang='lat' dir='ltr'>ex</span> <span class='ocrx_word' id='word_1_384' title='bbox 893 2574 990 2621; x_wconf 81' lang='lat' dir='ltr'>luce</span> <span class='ocrx_word' id='word_1_385' title='bbox 1016 2573 1191 2620; x_wconf 88' lang='lat' dir='ltr'>coelesti</span> <span class='ocrx_word' id='word_1_386' title='bbox 1214 2573 1452 2636; x_wconf 84' lang='lat' dir='ltr'>spiritualis</span> <span class='ocrx_word' id='word_1_387' title='bbox 1476 2595 1502 2626; x_wconf 77' lang='lat'>3,</span> <span class='ocrx_word' id='word_1_388' title='bbox 1523 2590 1582 2620; x_wconf 88' lang='lat' dir='ltr'>ex</span> <span class='ocrx_word' id='word_1_389' title='bbox 1612 2572 1694 2620; x_wconf 80' lang='lat' dir='ltr'>hac</span> <span class='ocrx_word' id='word_1_390' title='bbox 1734 2573 1850 2628; x_wconf 86' lang='lat' dir='ltr'>luce,</span> <span class='ocrx_word' id='word_1_391' title='bbox 1887 2571 1995 2636; x_wconf 65' lang='lat' dir='ltr'>quae</span> <span class='ocrx_word' id='word_1_392' title='bbox 2029 2573 2092 2619; x_wconf 84' lang='lat' dir='ltr'>est</span> <span class='ocrx_word' id='word_1_393' title='bbox 2115 2575 2211 2620; x_wconf 90' lang='lat' dir='ltr'>Ve-</span> 
     </span>
     <span class='ocr_line' id='line_1_37' title="bbox 216 2638 2209 2708; baseline -0.001 -19"><span class='ocrx_word' id='word_1_394' title='bbox 216 2657 323 2689; x_wconf 85' lang='lat' dir='ltr'>rum</span> <span class='ocrx_word' id='word_1_395' title='bbox 358 2657 382 2687; x_wconf 89' lang='lat' dir='ltr'>a</span> <span class='ocrx_word' id='word_1_396' title='bbox 411 2640 608 2698; x_wconf 78' lang='lat' dir='ltr'>Divino,</span> <span class='ocrx_word' id='word_1_397' title='bbox 647 2659 708 2688; x_wconf 91' lang='lat' dir='ltr'>n:</span> <span class='ocrx_word' id='word_1_398' title='bbox 749 2656 897 2708; x_wconf 81' lang='lat'>5417,</span> <span class='ocrx_word' id='word_1_399' title='bbox 936 2651 1155 2703; x_wconf 85' lang='lat' dir='ltr'>apparent</span> <span class='ocrx_word' id='word_1_400' title='bbox 1177 2639 1334 2686; x_wconf 86' lang='lat' dir='ltr'>omnia</span> <span class='ocrx_word' id='word_1_401' title='bbox 1367 2641 1417 2687; x_wconf 75' lang='grc' dir='ltr'>δε</span> <span class='ocrx_word' id='word_1_402' title='bbox 1449 2640 1626 2700; x_wconf 85' lang='lat' dir='ltr'>fingula</span> <span class='ocrx_word' id='word_1_403' title='bbox 1660 2654 1767 2686; x_wconf 89' lang='lat' dir='ltr'>vera</span> <span class='ocrx_word' id='word_1_404' title='bbox 1802 2655 1912 2702; x_wconf 81' lang='lat' dir='ltr'>quae</span> <span class='ocrx_word' id='word_1_405' title='bbox 1951 2638 2064 2686; x_wconf 83' lang='lat' dir='ltr'>infra</span> <span class='ocrx_word' id='word_1_406' title='bbox 2091 2643 2209 2697; x_wconf 83' lang='lat' dir='ltr'>sunt,</span> 
     </span>
     <span class='ocr_line' id='line_1_38' title="bbox 213 2705 2215 2773; baseline -0.001 -17"><span class='ocrx_word' id='word_1_407' title='bbox 213 2708 290 2756; x_wconf 84' lang='lat' dir='ltr'>seu</span> <span class='ocrx_word' id='word_1_408' title='bbox 327 2723 433 2773; x_wconf 81' lang='lat' dir='ltr'>quae</span> <span class='ocrx_word' id='word_1_409' title='bbox 473 2705 519 2753; x_wconf 87' lang='lat' dir='ltr'>in</span> <span class='ocrx_word' id='word_1_410' title='bbox 555 2708 760 2765; x_wconf 87' lang='lat' dir='ltr'>naturali,</span> <span class='ocrx_word' id='word_1_411' title='bbox 801 2724 892 2755; x_wconf 91' lang='lat' dir='ltr'>non</span> <span class='ocrx_word' id='word_1_412' title='bbox 927 2720 1080 2754; x_wconf 85' lang='lat' dir='ltr'>autem</span> <span class='ocrx_word' id='word_1_413' title='bbox 1100 2705 1311 2761; x_wconf 82' lang='lat' dir='ltr'>viciffim,</span> <span class='ocrx_word' id='word_1_414' title='bbox 1346 2706 1381 2753; x_wconf 87' lang='lat' dir='ltr'><strong>fi</strong></span> <span class='ocrx_word' id='word_1_415' title='bbox 1406 2721 1499 2752; x_wconf 92' lang='lat' dir='ltr'>non</span> <span class='ocrx_word' id='word_1_416' title='bbox 1518 2705 1745 2762; x_wconf 89' lang='lat' dir='ltr'>medium,</span> <span class='ocrx_word' id='word_1_417' title='bbox 1772 2707 1922 2752; x_wconf 81' lang='lat' dir='ltr'>minus</span> <span class='ocrx_word' id='word_1_418' title='bbox 1948 2705 1978 2751; x_wconf 75' lang='grc' dir='ltr'>Γ]</span> <span class='ocrx_word' id='word_1_419' title='bbox 2005 2722 2095 2752; x_wconf 83' lang='lat' dir='ltr'>non</span> <span class='ocrx_word' id='word_1_420' title='bbox 2116 2723 2215 2754; x_wconf 86' lang='lat' dir='ltr'>cor-</span> 
     </span>
     <span class='ocr_line' id='line_1_39' title="bbox 215 2771 2212 2839; baseline -0.001 -17"><span class='ocrx_word' id='word_1_421' title='bbox 215 2773 548 2838; x_wconf 83' lang='lat' dir='ltr'>respondentia,</span> <span class='ocrx_word' id='word_1_422' title='bbox 585 2775 635 2821; x_wconf 85' lang='lat'>&amp;</span> <span class='ocrx_word' id='word_1_423' title='bbox 672 2789 748 2839; x_wconf 88' lang='lat' dir='ltr'>per</span> <span class='ocrx_word' id='word_1_424' title='bbox 783 2774 1233 2839; x_wconf 85' lang='lat' dir='ltr'>correspondentiam</span> <span class='ocrx_word' id='word_1_425' title='bbox 1257 2771 1549 2835; x_wconf 61' lang='lat' dir='ltr'>conjunctim</span> <span class='ocrx_word' id='word_1_426' title='bbox 1583 2773 1712 2836; x_wconf 87' lang='lat' dir='ltr'>quod</span> <span class='ocrx_word' id='word_1_427' title='bbox 1740 2771 1976 2821; x_wconf 81' lang='lat' dir='ltr'>manifeste</span> <span class='ocrx_word' id='word_1_428' title='bbox 2009 2773 2212 2820; x_wconf 84' lang='lat' dir='ltr'>constare</span> 
     </span>
     <span class='ocr_line' id='line_1_40' title="bbox 215 2839 2212 2906; baseline -0.002 -17"><span class='ocrx_word' id='word_1_429' title='bbox 215 2841 367 2905; x_wconf 85' lang='lat' dir='ltr'>potest</span> <span class='ocrx_word' id='word_1_430' title='bbox 391 2856 450 2887; x_wconf 81' lang='lat' dir='ltr'>ex</span> <span class='ocrx_word' id='word_1_431' title='bbox 472 2856 545 2896; x_wconf 89' lang='lat' dir='ltr'>eo,</span> <span class='ocrx_word' id='word_1_432' title='bbox 580 2841 707 2904; x_wconf 89' lang='lat' dir='ltr'>quod</span> <span class='ocrx_word' id='word_1_433' title='bbox 734 2841 910 2903; x_wconf 81' lang='lat' dir='ltr'>Angeli</span> <span class='ocrx_word' id='word_1_434' title='bbox 932 2841 1075 2906; x_wconf 75' lang='lat' dir='ltr'>quiin</span> <span class='ocrx_word' id='word_1_435' title='bbox 1103 2841 1249 2895; x_wconf 89' lang='lat' dir='ltr'>coelis,</span> <span class='ocrx_word' id='word_1_436' title='bbox 1285 2839 1348 2888; x_wconf 81' lang='lat' dir='ltr'>i’ta</span> <span class='ocrx_word' id='word_1_437' title='bbox 1373 2839 1418 2887; x_wconf 90' lang='lat' dir='ltr'>in</span> <span class='ocrx_word' id='word_1_438' title='bbox 1444 2840 1542 2887; x_wconf 87' lang='lat' dir='ltr'>luce</span> <span class='ocrx_word' id='word_1_439' title='bbox 1564 2839 1690 2895; x_wconf 84' lang='lat' dir='ltr'>coeli,</span> <span class='ocrx_word' id='word_1_440' title='bbox 1725 2839 1881 2885; x_wconf 89' lang='lat' dir='ltr'>videre</span> <span class='ocrx_word' id='word_1_441' title='bbox 1909 2841 2073 2902; x_wconf 80' lang='lat' dir='ltr'>poffint</span> <span class='ocrx_word' id='word_1_442' title='bbox 2106 2856 2212 2886; x_wconf 88' lang='lat' dir='ltr'>om·</span> 
     </span>
     <span class='ocr_line' id='line_1_41' title="bbox 216 2905 2213 2971; baseline -0.002 -15"><span class='ocrx_word' id='word_1_443' title='bbox 216 2907 292 2956; x_wconf 84' lang='lat' dir='ltr'>nia</span> <span class='ocrx_word' id='word_1_444' title='bbox 324 2912 375 2956; x_wconf 71' lang='grc' dir='ltr'>δε</span> <span class='ocrx_word' id='word_1_445' title='bbox 409 2906 580 2968; x_wconf 87' lang='lat' dir='ltr'>fingula</span> <span class='ocrx_word' id='word_1_446' title='bbox 619 2922 727 2971; x_wconf 81' lang='lat' dir='ltr'>quae</span> <span class='ocrx_word' id='word_1_447' title='bbox 766 2907 882 2954; x_wconf 86' lang='lat' dir='ltr'>fiunt</span> <span class='ocrx_word' id='word_1_448' title='bbox 923 2908 969 2954; x_wconf 69' lang='lat' dir='ltr'>in</span> <span class='ocrx_word' id='word_1_449' title='bbox 1006 2907 1185 2955; x_wconf 90' lang='lat' dir='ltr'>mundo</span> <span class='ocrx_word' id='word_1_450' title='bbox 1207 2907 1470 2970; x_wconf 86' lang='lat' dir='ltr'>spirituum,</span> <span class='ocrx_word' id='word_1_451' title='bbox 1506 2908 1587 2970; x_wconf 87' lang='lat' dir='ltr'>qui</span> <span class='ocrx_word' id='word_1_452' title='bbox 1613 2905 1810 2952; x_wconf 83' lang='lat' dir='ltr'>mundus</span> <span class='ocrx_word' id='word_1_453' title='bbox 1842 2905 2054 2967; x_wconf 87' lang='lat' dir='ltr'>proxime</span> <span class='ocrx_word' id='word_1_454' title='bbox 2091 2905 2213 2953; x_wconf 83' lang='lat' dir='ltr'>infra</span> 
     </span>
     <span class='ocr_line' id='line_1_42' title="bbox 215 2971 2212 3036; baseline -0.001 -16"><span class='ocrx_word' id='word_1_455' title='bbox 215 2975 359 3023; x_wconf 87' lang='lat' dir='ltr'>coelos</span> <span class='ocrx_word' id='word_1_456' title='bbox 382 2974 461 3028; x_wconf 89' lang='lat' dir='ltr'>est,</span> <span class='ocrx_word' id='word_1_457' title='bbox 499 2987 593 3021; x_wconf 89' lang='lat' dir='ltr'>tum</span> <span class='ocrx_word' id='word_1_458' title='bbox 630 2974 788 3020; x_wconf 86' lang='lat' dir='ltr'>omnia</span> <span class='ocrx_word' id='word_1_459' title='bbox 821 2974 873 3027; x_wconf 58' lang='grc' dir='ltr'>ὃς</span> <span class='ocrx_word' id='word_1_460' title='bbox 910 2972 1084 3034; x_wconf 73' lang='lat' dir='ltr'>singula</span> <span class='ocrx_word' id='word_1_461' title='bbox 1114 2988 1222 3036; x_wconf 87' lang='lat' dir='ltr'>quae</span> <span class='ocrx_word' id='word_1_462' title='bbox 1243 2975 1292 3020; x_wconf 80' lang='lat' dir='ltr'>in</span> <span class='ocrx_word' id='word_1_463' title='bbox 1329 2985 1444 3020; x_wconf 88' lang='lat' dir='ltr'>terra</span> <span class='ocrx_word' id='word_1_464' title='bbox 1467 2971 1753 3028; x_wconf 88' lang='lat' dir='ltr'>inferiorum,</span> <span class='ocrx_word' id='word_1_465' title='bbox 1789 2971 1886 3018; x_wconf 88' lang='lat' dir='ltr'>imo</span> <span class='ocrx_word' id='word_1_466' title='bbox 1919 2987 2026 3034; x_wconf 76' lang='lat' dir='ltr'>quae</span> <span class='ocrx_word' id='word_1_467' title='bbox 2061 2971 2104 3018; x_wconf 85' lang='lat' dir='ltr'>in</span> <span class='ocrx_word' id='word_1_468' title='bbox 2142 2973 2212 3019; x_wconf 86' lang='lat' dir='ltr'>in-</span> 
     </span>
     <span class='ocr_line' id='line_1_43' title="bbox 214 3037 2213 3102; baseline 0.001 -18"><span class='ocrx_word' id='word_1_469' title='bbox 214 3038 363 3097; x_wconf 86' lang='lat' dir='ltr'>fernis,</span> <span class='ocrx_word' id='word_1_470' title='bbox 401 3056 492 3086; x_wconf 89' lang='lat' dir='ltr'>non</span> <span class='ocrx_word' id='word_1_471' title='bbox 515 3052 671 3087; x_wconf 85' lang='lat' dir='ltr'>autem</span> <span class='ocrx_word' id='word_1_472' title='bbox 696 3039 912 3087; x_wconf 84' lang='lat' dir='ltr'>viciffim:</span> <span class='ocrx_word' id='word_1_473' title='bbox 949 3038 1086 3086; x_wconf 70' lang='lat' dir='ltr'>ctiam</span> <span class='ocrx_word' id='word_1_474' title='bbox 1127 3040 1190 3085; x_wconf 88' lang='lat' dir='ltr'>ita</span> <span class='ocrx_word' id='word_1_475' title='bbox 1225 3039 1268 3084; x_wconf 91' lang='lat' dir='ltr'>se</span> <span class='ocrx_word' id='word_1_476' title='bbox 1308 3054 1376 3084; x_wconf 84' lang='lat' dir='ltr'>res</span> <span class='ocrx_word' id='word_1_477' title='bbox 1414 3040 1568 3095; x_wconf 88' lang='lat' dir='ltr'>habet,</span> <span class='ocrx_word' id='word_1_478' title='bbox 1604 3038 1732 3102; x_wconf 89' lang='lat' dir='ltr'>quod</span> <span class='ocrx_word' id='word_1_479' title='bbox 1772 3037 1924 3099; x_wconf 84' lang='lat' dir='ltr'>angeli</span> <span class='ocrx_word' id='word_1_480' title='bbox 1971 3038 2213 3100; x_wconf 76' lang='lat' dir='ltr'>superioris</span> 
     </span>
    </p>

    <p class='ocr_par' dir='ltr' id='par_1_9' title="bbox 197 3103 2214 3307">
     <span class='ocr_line' id='line_1_44' title="bbox 197 3103 2212 3170; baseline 0.001 -20"><span class='ocrx_word' id='word_1_481' title='bbox 197 3107 320 3154; x_wconf 64' lang='lat' dir='ltr'>coeli</span> <span class='ocrx_word' id='word_1_482' title='bbox 343 3106 500 3154; x_wconf 84' lang='lat' dir='ltr'>videre</span> <span class='ocrx_word' id='word_1_483' title='bbox 523 3118 690 3170; x_wconf 82' lang='lat' dir='ltr'>queant</span> <span class='ocrx_word' id='word_1_484' title='bbox 723 3108 880 3155; x_wconf 85' lang='lat' dir='ltr'>onmia</span> <span class='ocrx_word' id='word_1_485' title='bbox 904 3122 1011 3170; x_wconf 83' lang='lat' dir='ltr'>quae</span> <span class='ocrx_word' id='word_1_486' title='bbox 1035 3104 1152 3152; x_wconf 90' lang='lat' dir='ltr'>fiunt</span> <span class='ocrx_word' id='word_1_487' title='bbox 1191 3105 1274 3152; x_wconf 85' lang='lat' dir='ltr'>sub</span> <span class='ocrx_word' id='word_1_488' title='bbox 1316 3104 1403 3152; x_wconf 88' lang='lat' dir='ltr'>illis</span> <span class='ocrx_word' id='word_1_489' title='bbox 1443 3104 1488 3151; x_wconf 90' lang='lat' dir='ltr'>in</span> <span class='ocrx_word' id='word_1_490' title='bbox 1512 3104 1637 3153; x_wconf 86' lang='lat' dir='ltr'>coelo</span> <span class='ocrx_word' id='word_1_491' title='bbox 1680 3103 1899 3159; x_wconf 85' lang='lat' dir='ltr'>inferiori,</span> <span class='ocrx_word' id='word_1_492' title='bbox 1936 3119 2029 3151; x_wconf 85' lang='lat' dir='ltr'>non</span> <span class='ocrx_word' id='word_1_493' title='bbox 2053 3119 2212 3153; x_wconf 85' lang='lat' dir='ltr'>autem</span> 
     </span>
     <span class='ocr_line' id='line_1_45' title="bbox 215 3170 2212 3236; baseline 0.002 -21"><span class='ocrx_word' id='word_1_494' title='bbox 215 3170 422 3228; x_wconf 52' lang='lat' dir='ltr'>viciffim‘,</span> <span class='ocrx_word' id='word_1_495' title='bbox 459 3172 540 3220; x_wconf 84' lang='lat' dir='ltr'>nifi</span> <span class='ocrx_word' id='word_1_496' title='bbox 564 3172 618 3220; x_wconf 91' lang='lat' dir='ltr'>s1t</span> <span class='ocrx_word' id='word_1_497' title='bbox 643 3172 889 3227; x_wconf 87' lang='lat' dir='ltr'>medium·,</span> <span class='ocrx_word' id='word_1_498' title='bbox 925 3172 1029 3220; x_wconf 91' lang='lat' dir='ltr'>sunt</span> <span class='ocrx_word' id='word_1_499' title='bbox 1052 3171 1190 3220; x_wconf 88' lang='lat' dir='ltr'>etiam</span> <span class='ocrx_word' id='word_1_500' title='bbox 1211 3171 1390 3236; x_wconf 85' lang='lat' dir='ltr'>spiritus</span> <span class='ocrx_word' id='word_1_501' title='bbox 1411 3172 1574 3227; x_wconf 86' lang='lat' dir='ltr'>medii,</span> <span class='ocrx_word' id='word_1_502' title='bbox 1608 3185 1690 3234; x_wconf 86' lang='lat' dir='ltr'>per</span> <span class='ocrx_word' id='word_1_503' title='bbox 1708 3185 1824 3234; x_wconf 88' lang='lat' dir='ltr'>quos</span> <span class='ocrx_word' id='word_1_504' title='bbox 1851 3173 2212 3218; x_wconf 85' lang='lat' dir='ltr'>communicatio</span> 
     </span>
     <span class='ocr_line' id='line_1_46' title="bbox 212 3234 2214 3307; baseline 0 -24"><span class='ocrx_word' id='word_1_505' title='bbox 212 3234 269 3283; x_wconf 85' lang='lat' dir='ltr'>fit</span> <span class='ocrx_word' id='word_1_506' title='bbox 301 3236 363 3286; x_wconf 84' lang='lat' dir='ltr'>cis</span> <span class='ocrx_word' id='word_1_507' title='bbox 385 3239 435 3287; x_wconf 74' lang='lat' dir='ltr'>&amp;t</span> <span class='ocrx_word' id='word_1_508' title='bbox 457 3252 610 3296; x_wconf 86' lang='lat' dir='ltr'>retr0·,</span> <span class='ocrx_word' id='word_1_509' title='bbox 643 3252 942 3307; x_wconf 85' lang='lat' dir='ltr'>quapropter,</span> <span class='ocrx_word' id='word_1_510' title='bbox 978 3240 1063 3305; x_wconf 89' lang='lat' dir='ltr'>qui</span> <span class='ocrx_word' id='word_1_511' title='bbox 1101 3237 1223 3288; x_wconf 82' lang='lat' dir='ltr'>infra</span> <span class='ocrx_word' id='word_1_512' title='bbox 1260 3238 1378 3298; x_wconf 87' lang='lat' dir='ltr'>sunt,</span> <span class='ocrx_word' id='word_1_513' title='bbox 1413 3238 1584 3303; x_wconf 86' lang='lat' dir='ltr'>quibus</span> <span class='ocrx_word' id='word_1_514' title='bbox 1607 3251 1701 3290; x_wconf 86' lang='lat' dir='ltr'>non</span> <span class='ocrx_word' id='word_1_515' title='bbox 1724 3235 1956 3296; x_wconf 86' lang='lat' dir='ltr'>medium,</span> <span class='ocrx_word' id='word_1_516' title='bbox 1991 3238 2041 3287; x_wconf 87' lang='lat'>&amp;</span> <span class='ocrx_word' id='word_1_517' title='bbox 2065 3238 2214 3299; x_wconf 74' lang='lat' dir='ltr'>magis</span> 
     </span>
    </p>

    <p class='ocr_par' dir='ltr' id='par_1_10' title="bbox 2045 3304 2214 3367">
     <span class='ocr_line' id='line_1_47' title="bbox 2045 3304 2214 3367; baseline 0 -18"><span class='ocrx_word' id='word_1_518' title='bbox 2045 3304 2214 3367; x_wconf 89' lang='lat' dir='ltr'>quibus</span> 
     </span>
    </p>
   </div>
  </div>
 </body>
</html>
