2606 3646
260 235 572 314 CAPUT
617 204 1483 323 QUADRAGESIMUM
1525 232 1994 313 TERTKUM.
2065 260 2196 337 159

219 389 335 424 num
356 369 549 421 Domini
570 365 795 432 nustluam
818 378 1082 430 apparuerat
1115 366 1162 413 in
1197 365 1345 431 aliqua
1369 364 1498 425 facie,
1547 367 1620 414 sed
1646 369 1871 417 Divinum
1914 370 2192 420 Humanum
2225 421 2231 426 ,

216 439 357 504 Ipfius
377 438 427 487 δε
450 450 530 499 per
553 434 665 481 illud
695 432 804 479 ficut
828 434 871 478 in
899 431 980 479 illo
999 433 1199 480 Divinus
1224 449 1369 489 amor,
1406 433 1479 481 seu
1504 433 1751 496 respefitive
1773 438 1828 482 ad
1860 451 2004 498 genus
2030 438 2192 484 huma·

214 521 344 560 num,
377 500 549 550 Divina
573 497 886 546 Misericordia
906 519 921 554 3
956 499 1073 556 haec,
1109 514 1277 562 nempe
1294 499 1466 547 Divina
1483 498 1797 551 Misericordia
1819 503 1863 549 in
1886 503 2064 550 Divino
2088 503 2192 550 Hu-

216 585 375 626 man0,-
393 581 588 616 vocatur
607 566 818 628 Angelus
862 564 1098 622 facierum,
1133 567 1255 629 apud
1276 564 1457 613 Esaiam
1494 575 1528 596 ‘⁶
1555 568 1875 628 Mfiricordias
1896 569 2077 630 Jehovae
2096 584 2194 614 me·

216 645 388 685 morare
411 633 575 682 faciam
598 653 612 686 ;
648 631 866 679 retribuet
888 631 952 678 eis
975 631 1217 679 secundum
1239 631 1564 694 Mistricordias
1574 635 1693 692 ficas,
1719 634 1769 681 ὅτ
1793 635 2040 696 secundpm
2069 635 2191 681 mul-

211 700 456 750 titudinem
471 697 1081 761 Mestricordiammstearum,
1110 699 1161 745 δε
1182 695 1327 744 faetus
1351 699 1402 744 iis
1424 698 1468 745 in
1487 698 1765 747 salvatorem
1787 721 1802 755 3
1837 701 1888 748 δε
1905 701 2094 764 Angelus
2105 701 2192 762 fa-

211 771 369 817 ciorum
391 767 522 830 Ipstm
547 765 736 813 salvavit
759 779 854 821 eos,
882 773 1062 827 propter
1082 763 1284 812 Amorem
1310 763 1461 826 Ipfius,
1495 766 1547 812 ὅτ
1570 779 1752 828 propter
1782 766 2078 814 clementiam
2113 767 2192 829 Ip-

210 833 340 884 slus”
377 850 533 881 inn:
560 847 604 895 7.
627 833 677 885 8.
702 847 766 894 93
801 831 1012 893 Angelus
1028 844 1236 886 vocatur,
1270 830 1378 894 quia
1397 831 1573 893 Angeli
1593 831 1637 878 in
1663 832 1818 879 Verbo
1838 835 1882 879 in
1908 833 2030 880 sensu
2054 834 2191 878 inter-

211 916 274 950 no
295 899 552 962 significant
572 896 744 961 aliquid
772 895 986 951 Domini,
1022 911 1079 943 n:
1122 911 1264 960 19²5·
1291 900 1436 947 2821.
1476 899 1627 958 4085,
1662 897 1736 945 hic
1760 898 1904 963 Ipsius
1928 898 2193 946 Misericor-

209 969 355 1023 diam,
386 975 667 1030 quapropter
687 962 860 1010 dicitur
878 963 1088 1024 Angelus
1122 962 1361 1012 facierum.
1432 962 1574 1025 Quod
1609 962 1739 1013 facies
1764 966 1962 1027 Jehovae
1997 965 2068 1011 seu
2090 966 2195 1012 Do-

210 1033 326 1082 mini
350 1030 404 1080 fit
421 1029 755 1085 Misericordia,
784 1030 838 1077 δε
858 1044 1046 1093 quoque
1067 1029 1164 1076 Pax
1185 1030 1236 1077 δε
1259 1029 1459 1085 Bonum,
1482 1029 1591 1093 quia
1607 1029 1705 1077 haec
1728 1030 1826 1077 sunt
1839 1031 2195 1086 Misericordiae,

206 1098 409 1149 constare
430 1099 567 1146 etiam
593 1095 743 1159 potest
758 1110 784 1142 a
800 1095 1089 1160 sequentibus
1108 1094 1217 1145 locis
1237 1116 1252 1150 ;
1287 1096 1334 1141 in
1357 1095 1683 1144 Benedic'tione
1717 1103 1751 1126 ‘⁶
1769 1097 2094 1161 Lacergfociat
2110 1097 2193 1158 Je-

209 1165 354 1215 hovoh
363 1165 506 1229 facies
509 1163 614 1226 suas
636 1160 696 1209 ad
711 1171 769 1218 te,
804 1162 856 1210 ὅτ.
879 1162 1129 1222 misereatur
1150 1164 1232 1210 tui.
1302 1161 1461 1210 Elevet
1481 1161 1837 1227 Jehovahfacies
1848 1162 1954 1226 fiaas
1975 1162 2034 1209 ad
2049 1173 2105 1218 te,
2141 1164 2194 1210 δε

205 1245 348 1298 ponat
372 1232 456 1278 tibi
469 1227 652 1292 pacem”
690 1227 856 1274 Num:
891 1243 971 1275 vi:
1008 1242 1086 1290 25.
1116 1227 1211 1282 26;
1246 1227 1394 1275 lucere
1425 1227 1569 1277 facere
1589 1226 1722 1276 facias
1743 1231 1872 1293 quod
1899 1231 1951 1276 fit
1976 1229 2197 1284 misereri,

208 1301 260 1348 &
297 1299 472 1345 elevare
508 1295 642 1342 facies
675 1293 800 1358 quod
825 1293 881 1341 fit
918 1293 1026 1340 dare
1061 1308 1241 1356 pacem,
1277 1292 1510 1342 manifeste
1543 1306 1684 1358 patet.
1770 1295 1915 1357 Apud
1958 1295 2196 1342 Davidem

209 1374 249 1397 ‘⁶
278 1366 408 1413 Deus
429 1362 680 1425 misereatur
712 1359 856 1420 nostri,
891 1360 942 1406 δε
979 1359 1216 1406 benedicat
1250 1359 1400 1415 nobis,
1432 1361 1572 1423 lucere
1580 1359 1731 1424 faciat
1740 1360 1885 1424 facies
1896 1361 2000 1424 suas
2023 1361 2139 1409 nobis
2157 1359 2195 1378 ’²

210 1431 387 1480 Psalm:
423 1443 558 1476 van
579 1444 590 1473 :
630 1443 676 1482 2,
710 1425 842 1472 facies
863 1425 1002 1471 etiam
1024 1424 1097 1472 hic
1112 1439 1199 1488 pro
1215 1424 1544 1474 Misericordia.
1584 1476 1586 1478 ,
1615 1426 1762 1489 Apud
1781 1427 2003 1475 Eundum
2040 1435 2073 1456 “
2094 1428 2196 1475 De-

210 1514 267 1546 us
279 1498 414 1545 reduc
436 1510 540 1551 nos,
575 1493 626 1540 &
650 1491 789 1539 lucere
797 1491 882 1554 fac
887 1491 1035 1555 facies
1050 1500 1168 1548 tuas,
1200 1502 1259 1539 ut
1271 1490 1495 1540 salvemur
1509 1490 1542 1511 '’
1579 1491 1726 1539 Psalm
1747 1509 1760 1541 ε
1785 1501 1937 1541 ικκκέ
1962 1511 2008 1553 4.
2038 1497 2083 1542 8.
2110 1509 2194 1541 20.

149 1562 157 1567 ’
208 1563 429 1612 similiter.
482 1558 630 1622 Apud
655 1556 874 1606 Eundem
910 1565 945 1586 ‘⁶
969 1557 1139 1604 Libera
1171 1572 1248 1604 me
1272 1573 1298 1604 e
1321 1574 1457 1606 manu
1481 1557 1682 1606 hostium
1706 1574 1935 1617 meorum,
1970 1561 2022 1608 &
2046 1560 2198 1623 perse-

109 1646 118 1656 *
208 1644 418 1678 cutorurn
438 1641 666 1681 meorum,
690 1626 828 1673 lucere
832 1625 917 1687 fac
925 1625 1070 1688 facies
1082 1625 1183 1671 ‘tuas
1186 1625 1323 1687 steper
1331 1626 1514 1688 servum
1526 1634 1649 1673 tuum
1662 1623 1695 1648 ’⁹
1730 1624 1910 1673 Psalm:
1935 1642 2052 1673 xxxi
2076 1642 2087 1672 :
2118 1626 2199 1672 16.

215 1711 274 1762 17
292 1713 315 1752 ς,
341 1696 506 1759 pariter
530 1690 703 1741 Psalm:
729 1706 868 1738 cxix:
902 1706 1006 1752 ¹34·
1040 1706 1148 1754 135.
1202 1691 1350 1755 Apud
1391 1692 1640 1739 Danielem
1678 1699 1713 1722 ‘⁶
1735 1692 1869 1739 Audi
1893 1693 2022 1739 Deus
2045 1692 2196 1739 noster

207 1763 459 1810 orationem
485 1758 599 1807 servi
624 1757 710 1813 tui,
745 1759 795 1804 ὅτ
822 1771 971 1819 preces
995 1755 1106 1820 ejus,
1143 1755 1200 1805 (ἃ
1220 1756 1359 1805 lucere
1366 1758 1453 1821 fac
1461 1759 1602 1822 facies
1623 1768 1722 1806 tuas
1733 1759 1866 1822 super
1871 1759 2191 1820 fhnbluarium,

204 1829 333 1892 quod
356 1826 605 1876 desolatum
625 1823 690 1871 est
706 1822 739 1841 ’²
777 1825 822 1871 V
841 1840 852 1882 ς
883 1838 958 1886 17,
996 1823 1144 1870 lucere
1165 1822 1308 1870 facere
1325 1823 1460 1871 facies
1483 1825 1624 1872 etiam
1649 1841 1733 1888 pro
1757 1824 1968 1874 misereri.
2038 1825 2191 1887 Apud

209 1895 441 1944 Davidem
477 1901 509 1922 “
535 1890 681 1938 Multi
705 1889 921 1944 dicentes,
957 1889 1056 1951 quis
1086 1889 1241 1936 videre
1266 1905 1349 1938 nos
1372 1889 1505 1938 faciet
1527 1890 1695 1947 bonum,
1729 1891 1873 1940 attolle
1884 1891 2017 1955 steper
2033 1907 2105 1939 nos
2127 1892 2194 1939 Iu-

207 1978 293 2010 cem
300 1962 519 2024 facierum
546 1967 720 2006 tuarum
739 1954 771 1975 ”
807 1955 959 2002 Psalm
981 1972 993 2003 ε
1023 1972 1103 2002 iv:
1133 1973 1177 2021 7.
1204 1959 1232 2005 8
1256 1978 1270 2012 ς
1305 1957 1510 2005 attollere
1534 1957 1683 2006 lucem
1708 1956 1942 2014 facierum,
1979 1973 2064 2021 pro
2086 1959 2197 2004 dare

209 2029 386 2075 bonum
411 2041 470 2072 ex
492 2021 819 2070 Misericordia.
875 2022 1034 2084 Apud
1063 2022 1326 2071 Hoscheam
1365 2033 1395 2053 “
1423 2022 1792 2088 Qaerantfacies
1813 2039 1944 2079 meas,
1977 2039 2084 2072 cum
2116 2040 2194 2070 an-

207 2093 352 2157 gustia
377 2091 479 2148 illis,
515 2106 649 2138 mane
677 2101 887 2154 quaerant
908 2087 1040 2135 >Me”
1079 2090 1150 2135 V:
1183 2104 1259 2150 15.
1329 2090 1475 2154 Apud
1503 2091 1739 2143 Davidem
1776 2098 1810 2120 “
1836 2090 2035 2153 Qoerite
2044 2091 2192 2153 facies

206 2175 336 2215 meas,
376 2159 519 2222 facies
560 2167 660 2204 tuas
701 2155 901 2218 Jehovah
940 2156 1126 2218 quoero¹³
1161 2155 1339 2203 Psalm:
1375 2171 1517 2202 xxvn
1539 2173 1550 2202 :
1593 2160 1636 2203 8.
1664 2173 1712 2220 9.
1782 2157 1931 2219 Apud
1970 2156 2192 2204 Eundem

212 2235 247 2258 “
268 2226 471 2288 Quaerite
485 2224 736 2287 Jehovam,
762 2223 813 2270 δι
835 2222 971 2269 robur
988 2221 1342 2286 Ipfius,quoerite
1350 2222 1498 2286 facies
1514 2222 1651 2286 Ipstus
1664 2219 1883 2286 jugiter”
1902 2223 2076 2270 Psalm:
2102 2238 2163 2270 cv
2178 2239 2193 2268 τ

208 2311 259 2352 4,
294 2306 494 2356 quaerere
520 2290 649 2336 facies
676 2289 872 2353 Jehovae
890 2303 972 2350 pro
996 2287 1527 2352 misericordiamdpfius.
1598 2291 1742 2352 Apud
1762 2289 1983 2338 Eundem
2020 2299 2052 2319 “
2078 2289 2193 2350 Ego

205 2361 255 2407 in
282 2357 453 2421 justitia
473 2355 622 2404 videbo
632 2359 775 2420 facies
811 2353 955 2402 tuas'’
993 2353 1143 2402 Psalm
1163 2371 1175 2401 :
1195 2371 1304 2402 xvll
1328 2373 1339 2401 :
1371 2370 1459 2416 15:
1492 2356 1691 2420 &apud
1728 2356 2010 2403 Matthaeum
2048 2363 2081 2385 ‘⁶
2101 2356 2190 2403 Vi-

204 2426 310 2473 dete
334 2438 389 2470 ne
411 2424 706 2470 contemnatis
729 2421 879 2469 ullum
904 2437 963 2468 ex
1002 2420 1174 2482 pufillis
1192 2421 1316 2476 ·his;
1368 2420 1474 2469 dico
1514 2423 1639 2469 enim
1670 2422 1820 2478 vobis,
1857 2423 1981 2485 quod
2010 2421 2186 2484 Angeli

207 2507 370 2540 eorum
391 2489 581 2536 invcoelis
595 2489 759 2550 semper
779 2487 961 2535 videant
968 2488 1129 2550 faciem
1146 2489 1290 2550 patris
1314 2491 1411 2543 mei,
1435 2489 1512 2552 qui
1534 2490 1581 2535 in
1600 2489 1730 2537 coelis
1755 2488 1818 2534 est
1837 2488 1869 2506 ''
1894 2504 2023 2534 xv111
2047 2505 2062 2534 :
2093 2505 2149 2536 10
2165 2507 2185 2540 ς

205 2558 363 2605 videre
388 2554 526 2602 facies·
543 2554 633 2602 Dei
660 2571 743 2617 pro
763 2554 856 2601 frui
875 2569 982 2616 pace
1012 2554 1062 2601 δε
1082 2554 1207 2600 bono
1239 2569 1304 2600 ex.
1324 2554 1652 2600 Misericordia.
1723 2554 2007 2615 Oppositum
2030 2568 2185 2600 autem

206 2625 288 2680 est,
324 2621 547 2669 occultare
570 2620 644 2667 seu
667 2619 950 2675 abscondere,
985 2631 1038 2666 ut
1059 2620 1110 2666 &
1132 2632 1366 2675 avertere,:
1385 2618 1535 2674 facia,
1569 2636 1680 2682 quae
1704 2620 1959 2682 significant
1982 2637 2071 2667 non
2099 2621 2186 2667 mi·

206 2689 365 2743 ferei-{3
400 2701 451 2735 ut
474 2687 594 2749 apud
613 2685 793 2734 Esaiam
830 2695 862 2716 “
888 2688 938 2735 In
962 2685 1257 2734 inundatione
1273 2685 1364 2732 ἤτω
1384 2701 1520 2740 meae,
1542 2685 1732 2748 abscondi
1736 2687 1874 2748 facies
1900 2700 2139 2734 momento
2163 2704 2188 2734 a

206 2771 272 2814 te,
308 2755 383 2803 sed
422 2770 529 2800 cum
567 2752 870 2814 Mssericordia
908 2753 1170 2800 aeternitatis
1194 2750 1415 2814 miserebor
1453 2751 1564 2798 tui’'
1590 2767 1674 2797 ων
1694 2770 1709 2798 .·
1736 2756 1799 2806 8;
1835 2753 2074 2799 inundatio
2105 2755 2190 2800 irae

207 2839 292 2886 pro
333 2821 597 2874 tentatione,
633 2819 678 2864 in
701 2832 792 2880 qua
809 2818 917 2882 quia
943 2818 1173 2866 Dominus
1196 2831 1382 2882 apparet
1417 2834 1508 2865 non
1537 2818 1750 2875 misereri,
1787 2818 1950 2865 dicitur
1971 2819 2182 2866 abscondi

208 2889 344 2937 facies
380 2897 623 2935 momento
662 2900 687 2930 a
711 2899 773 2934 te.
840 2885 985 2944 Apud
1029 2884 1319 2932 Ezechielem
1371 2893 1405 2914 ‘⁴
1429 2885 1646 2932 Avertam
1673 2888 1811 2947 facies
1834 2901 1947 2932 meas
1977 2886 2029 2932 ob
2051 2886 2137 2933 illis
2151 2888 2187 2910 ’⁹

204 2971 292 3002 vn
310 2971 326 3001 .·
345 2969 424 3002 22.
465 2952 610 3014 Apud
625 2951 854 2997 Davidem
890 2957 928 2979 “
950 2951 1206 3014 Quousque
1218 2950 1427 3011 Jehovah
1447 2949 1724 2997 oblivisceris
1746 2954 1836 2998 mei
1872 2952 1915 2997 in
1935 2966 2181 3008 aeternum,

207 3023 405 3084 quousque
421 3018 649 3066 occultabis
669 3018 812 3079 facies
833 3027 933 3064 tuas
949 3032 977 3062 a
1001 3031 1066 3063 me
1084 3016 1116 3040 ”
1151 3016 1327 3064 Psalm:
1350 3031 1448 3062 xiii
1467 3033 1482 3062 .·
1509 3031 1552 3063 2.
1623 3019 1768 3079 Apu-zi
1802 3017 2015 3064 Eundem
2054 3027 2092 3050 “
2111 3020 2188 3069 Ne

207 3085 428 3148 abscondas
441 3086 584 3148 facies
606 3094 703 3132 tuas
719 3101 748 3131 a
768 3100 848 3138 me,
884 3099 940 3129 ne
965 3081 1131 3143 rejicias
1150 3081 1195 3129 in
1225 3081 1284 3128 ira
1310 3081 1486 3129 servum
1512 3094 1646 3130 tuum
1663 3082 1695 3106 '’
1732 3083 1875 3130 Psalm
1894 3100 1910 3129 .·
1944 3100 2024 3130 xxx
2041 3097 2111 3133 11:
2137 3089 2182 3134 8.

208 3168 256 3215 9.
326 3153 468 3213 Apud
497 3150 715 3199 Eundem
750 3159 783 3181 ‘⁶
809 3151 964 3218 Quare
986 3148 1198 3209 Jehovah
1215 3148 1374 3196 deseris
1396 3148 1598 3196 animam
1618 3166 1787 3202 meam,
1823 3149 2029 3211 abscondis
2041 3152 2191 3214 facies

205 3226 308 3266 tuas
329 3231 359 3264 a
381 3215 501 3284 me'j
543 3216 718 3266 Psalm:
760 3225 1021 3268 Lxxxvm:
1063 3231 1143 3281 15.
1211 3214 1360 3282 Apud
1395 3214 1629 3275 Eundem,
1680 3215 1927 3284 {fFestinffi
1962 3218 2186 3282 responde

2070 3287 2189 3338 mihi
