2566 3640
317 239 634 319 CAPUT
661 241 1519 331 QUADRAGESIMUM
1551 247 2055 328 OCTAVUM.
2144 275 2272 344 393

268 392 463 444 quoque
499 373 747 422 Schimeon
773 372 905 421 suum
931 372 1136 430 faedavit‚
1173 390 1231 422 n:
1255 389 1406 438 4497.
1432 390 1581 437 4502.
1604 392 1779 441 4503‚‘
1809 391 1861 422 ac
1893 388 2132 439 propterea
2170 393 2268 424 ma-

263 445 430 493 Jediffi
453 443 572 497 sunt,
621 440 748 504 Cap:
776 440 879 504 seq:
905 441 1048 488 Vers:
1076 457 1120 504 3.
1142 457 1191 502 4.
1217 458 1260 501 5.
1288 441 1333 488 6.
1361 456 1408 505 7,
1446 443 1550 489 ideo
1573 442 1695 490 suam
1720 442 2133 506 primogenituram
2166 458 2265 505 per-

264 512 501 566 diderunt,
535 506 711 557 &loco
733 522 893 555 eorum
918 523 1002 572 pro
1025 508 1346 572 primogenitis
1383 509 1530 572 agniti
1565 511 1646 557 filii
1686 509 1898 573 Josephi,
1951 508 2171 572 Ephraim
2210 510 2261 556 &

266 575 538 632 Menascha
582 595 598 624 1
631 575 786 621 Chron
809 591 819 621 ε
844 590 905 621 v:
938 592 989 623 t:
1023 588 1068 622 at
1090 575 1233 637 usque
1262 575 1387 640 apud
1430 577 1673 624 Rubenem
1713 578 1763 624 &
1796 575 2119 625 Schirneonem
2160 591 2264 638 per-

263 643 434 693 mansit
459 641 922 704 Repraesentativum,
959 657 1065 689 nam
1091 641 1279 705 perinde
1300 641 1380 697 est,
1416 643 1559 706 qualis
1583 643 1771 706 persona
1797 643 1848 690 sit
1874 657 1982 704 quae
2017 641 2259 706 repraesen-

271 723 354 768 tat,
390 728 447 758 n:
478 709 589 769 665.
623 723 747 772 1097
767 707 801 755 f.
827 712 977 768 4281,
1014 723 1181 771 nempe
1208 709 1450 771 permansit
1492 710 1934 773 Repraesentativum
1974 709 2084 756 fidei
2126 709 2261 756 intel-

271 778 398 826 lectu
434 776 558 839 apud
596 777 859 830 Rubenem,
895 776 945 822 &
984 774 1427 838 Repraesentativum
1467 776 1576 823 fidei
1616 776 1854 824 voluntate
1877 774 1999 839 apud
2024 775 2262 823 Schimeo-

266 861 418 900 nem3
452 856 499 891 at
517 843 639 906 apud
666 841 978 904 Ephraimum
1002 840 1091 895 fuit
1115 841 1560 903 Repraesentativum
1597 842 1921 890 Intellecmalis
1944 841 2174 899 Ecclesiae,
2210 844 2260 891 &

267 913 391 977 apud
417 908 690 958 Menaschen
718 905 1166 970 Repraesentativum
1192 907 1447 956 Voluntarii
1474 908 1701 957 Ecclefiae.

339 978 487 1042 6239.
525 976 589 1024 Et
622 973 860 1038 generatio
894 986 970 1021 tua
992 989 1136 1038 quam
1158 988 1348 1035 generas
1377 974 1480 1038 post
1510 975 1630 1032 illos,
1666 975 1791 1040 quod
1831 975 2055 1039 significet
2080 992 2184 1024 vera
2209 976 2259 1023 ὅτ

225 1102 231 1104 „
269 1047 391 1095 bona
423 1044 649 1096 interiora,
684 1056 794 1104 quae
827 1039 999 1103 postea,
1033 1039 1208 1103 constat
1232 1057 1291 1089 ex
1314 1041 1646 1105 significat-ione
1669 1043 1986 1106 generationis,
2022 1042 2151 1106 quod
2175 1043 2262 1090 fine

261 1113 344 1162 ‚illa
382 1126 490 1175 quae
531 1108 638 1157 fidei
662 1108 713 1155 ὅτ
735 1107 980 1163 charitatis,
1015 1108 1074 1155 de
1097 1124 1188 1172 qua
1213 1125 1270 1154 n:
1298 1110 1410 1171 613.
1433 1123 1579 1156 2020.
1607 1112 1756 1172 2584,
1792 1109 1853 1157 ita
1877 1124 1982 1157 vera
2018 1111 2072 1157 &
2101 1108 2222 1156 bona
2243 1131 2260 1163 ;

263 1181 320 1228 &
345 1195 402 1226 ex
425 1176 754 1240 significatione
780 1174 882 1238 post
908 1174 1024 1231 illos,
1062 1175 1188 1238 quod
1208 1175 1291 1223 fint
1310 1175 1526 1223 Interiora
1549 1192 1658 1239 quae
1677 1175 1857 1239 postea:
1895 1174 2022 1239 quod
2048 1175 2262 1226 interiora

267 1246 598 1311 significentur,
656 1241 720 1288 est
743 1240 850 1305 quia
875 1239 948 1288 illa
967 1257 1078 1305 quae
1099 1254 1374 1303 generantur
1397 1243 1455 1290 ab
1478 1242 1662 1290 Interno
1687 1242 1861 1306 postea,
1921 1242 2023 1290 sunt
2047 1244 2260 1291 interiora

269 1312 454 1376 magis;
494 1305 740 1357 inserviunt
778 1307 905 1354 enirn
937 1310 978 1355 ei
1015 1307 1251 1356 succeffive
1276 1308 1350 1356 illa
1373 1324 1480 1373 quae
1517 1310 1641 1372 prius
1678 1323 1887 1371 generata
1926 1308 2027 1357 sunt
2050 1326 2136 1375 pro
2160 1325 2259 1358 me—

267 1381 358 1428 diis
397 1375 676 1442 perducendi
714 1374 805 1431 illa,
841 1390 951 1438 quae
975 1375 1128 1438 postea
1151 1388 1444 1438 generantur,
1483 1376 1628 1439 magis
1644 1376 1853 1434 interius,
1890 1392 1995 1424 nam
2022 1376 2263 1425 Internum

267 1463 352 1510 per
369 1445 536 1509 gradus
554 1443 700 1491 elevat
722 1440 918 1489 naturale
939 1442 998 1489 ad
1024 1442 1064 1489 se
1083 1459 1096 1490 ε
1132 1441 1221 1489 hoc
1244 1455 1368 1506 patet
1391 1444 1731 1506 ageneratione
1754 1443 1969 1501 omnium
1995 1460 2103 1508 quae
2128 1444 2262 1492 intel-

267 1512 476 1562 lectualis
497 1508 671 1558 suntin
697 1509 901 1563 homine,
954 1508 1159 1572 primum
1199 1510 1325 1556 enim
1365 1510 1508 1558 homo
1545 1509 1750 1557 sensualis
1774 1510 1856 1567 est,
1891 1509 2047 1575 postea
2072 1511 2123 1558 fit
2146 1513 2264 1558 inte-

265 1583 358 1629 rior
381 1578 525 1641 magis
547 1579 598 1625 ὅτ
623 1575 787 1637 magis,
834 1575 978 1639 usque
1015 1575 1130 1622 dum
1170 1575 1516 1630 intellec’ttialis3
1553 1577 1758 1626 [imiliter
1778 1577 1823 1624 se
1848 1579 1984 1625 habet
2007 1593 2112 1625 cum
2143 1594 2264 1626 nova

261 1646 582 1711 generatione,
635 1657 740 1707 quae
793 1642 848 1689 fit
900 1657 982 1706 per
1038 1642 1182 1691 fidem
1230 1645 1282 1691 ὅτ
1317 1643 1581 1691 charitatem
1606 1665 1621 1698 ·,
1673 1643 1779 1690 inde
1815 1645 1895 1700 est,
1945 1644 2075 1708 quod
2115 1645 2260 1693 homo

263 1731 351 1780 per
374 1712 539 1776 gradus
574 1708 862 1774 perficiatur:
906 1707 1143 1757 videantur
1174 1726 1284 1774 quae
1308 1710 1366 1756 de
1388 1710 1642 1758 elevatione
1679 1710 1916 1759 successiva
1949 1710 2106 1758 versus
2143 1713 2264 1759 inte·

267 1782 402 1838 riom,
451 1795 559 1827 curn
586 1787 873 1840 regeneratur
909 1773 1072 1831 homo,
1107 1792 1165 1822 n:
1194 1776 1343 1838 6183,
1397 1776 1520 1824 dieta
1558 1777 1672 1826 sunt.
1743 1779 1887 1843 Qod
1929 1777 2177 1825 Generatio
2213 1779 2263 1826 in

265 1848 423 1896 Verbo
445 1845 672 1909 significet
694 1841 771 1890 illa
791 1857 898 1906 quae
922 1840 1149 1890 suntfidei
1165 1841 1218 1888 ὅτ
1233 1842 1475 1901 charitati5‚
1512 1842 1576 1890 est
1594 1845 1702 1909 quia
1723 1846 1808 1892 alia
1831 1845 2080 1908 generatio,
2117 1862 2262 1909 quam

261 1913 523 1979 spiritualis,
551 1911 608 1957 in
643 1908 768 1957 sensu
792 1910 988 1966 interno,
1025 1908 1221 1971 intelligi
1245 1923 1473 1975 nequeat;
1507 1926 1616 1974 quae
1650 1914 1886 1972 generatio
1921 1911 2058 1959 etiam
2096 1912 2263 1959 intelli-

268 1981 396 2044 gitur
418 1978 542 2043 apud
565 1976 799 2025 Davidem
835 1981 868 2026 ‘i
893 1975 1156 2035 Timebunt
1180 1976 1415 2034 timorem,
1449 1979 1559 2040 quia
1583 1979 1716 2026 Deus
1740 1979 1786 2025 in
1811 1978 2259 2041 Generationejusti”

268 2047 452 2097 Psalm:
484 2061 601 2094 xiv:
630 2059 692 2106 53
726 2042 963 2109 generatio
973 2041 1088 2107 justi
1120 2059 1205 2107 pro
1241 2044 1358 2093 veris
1384 2060 1442 2092 ex
1465 2045 1606 2102 bono,
1637 2043 1812 2108 justitia
1834 2045 1958 2093 eni-m
1984 2046 2260 2110 praedicatur

266 2116 327 2163 de
349 2115 489 2163 bono,
559 2111 706 2176 Apud
746 2108 927 2161 Esaiam
965 2117 1002 2140 “
1027 2109 1142 2158 Non
1173 2110 1444 2159 laborabunt
1467 2111 1515 2157 in
1539 2127 1718 2169 verum,
1756 2114 1804 2161 &
1829 2127 1911 2160 non
1926 2111 2193 2176 generabunt
2212 2112 2256 2161 in

266 2195 528 2234 terrorem;
580 2177 733 2226 semen
773 2175 1118 2230 benedictorum
1155 2178 1352 2241 Jehovae
1393 2177 1506 2225 illi’'
1543 2194 1666 2226 xcv:
1695 2194 1773 2242 23.
1843 2178 1994 2243 Apud
2035 2177 2256 2228 Eundem

267 2258 302 2281 “
328 2246 450 2308 Qis
471 2257 684 2310 operatus
706 2242 788 2300 est,
822 2245 874 2292 ὅτ
896 2242 1023 2300 fecit,
1058 2243 1141 2309 qui
1175 2255 1303 2293 vocat
1327 2247 1621 2309 generationes
1642 2245 1697 2294 ab
1715 2248 1839 2294 vinitio
1862 2267 1876 2301 ;
1910 2245 2017 2308 Ego
2042 2245 2256 2305 Jehovah

266 2316 464 2383 primm,
501 2314 550 2362 ὅτ
573 2328 683 2360 cum
701 2310 941 2375 postremis
959 2310 1070 2374 Ego
1093 2310 1218 2359 idem
1234 2311 1268 2334 '⁹
1299 2328 1408 2360 xm:
1438 2329 1484 2371 4.
1553 2313 1678 2377 apud
1703 2312 1996 2361 Ezechielem
2033 2320 2068 2342 ‘⁶
2092 2313 2260 2376 Nego-

267 2381 478 2432 tiationes
501 2391 614 2437 tuae‚
651 2379 703 2426 ὅτ
734 2377 1033 2430 Generationes
1065 2387 1153 2426 tuae
1166 2378 1224 2425 de
1247 2390 1366 2426 terra
1389 2379 1621 2436 Cananaei,
1655 2393 1787 2444 pater
1829 2393 1931 2428 tuus
1970 2378 2255 2439 Emorraeus,

264 2451 318 2499 ὅτ
341 2460 485 2496 mater
505 2459 579 2495 tua
603 2445 817 2494 Chittaea.
889 2444 1033 2511 Qiod
1070 2445 1367 2494 Generationes
1401 2456 1501 2494 tuas
1537 2446 1714 2504 attinet,
1754 2448 1804 2494 in
1837 2446 1913 2494 die
1936 2461 2031 2509 quo
2055 2458 2156 2492 nata
2190 2462 2256 2504 es,

263 2525 359 2565 non
391 2512 599 2562 abscifl'us
622 2510 712 2559 fuit
733 2510 980 2560 umbilicus
1002 2524 1127 2569 tum,
1163 2513 1215 2560 ὅτ
1236 2513 1365 2575 aquis
1385 2529 1477 2560 non
1501 2514 1592 2561 lota
1615 2529 1660 2560 es
1684 2514 1740 2561 ad
1777 2512 2009 2575 aspetftum
2045 2529 2201 2560 meum
2219 2513 2252 2533 ''

263 2598 375 2632 xvr:
405 2598 447 2645 3.
473 2596 523 2639 4,
559 2579 631 2627 hic
653 2577 1150 2627 deabominationibus
1189 2579 1546 2641 Hierosolymae‚
1582 2580 1660 2627 ubi
1684 2579 1810 2643 quod
1837 2578 2146 2640 generationes
2169 2581 2256 2630 sint

263 2646 574 2714 generationes
592 2646 643 2692 in
667 2645 885 2708 spirituali
919 2643 1065 2701 sensu,
1100 2644 1333 2692 manifeste
1374 2658 1512 2708 patet.
1583 2647 1731 2708 Apud
1757 2645 1934 2693 Esaiarn
1973 2654 2005 2675 ‘⁶
2027 2646 2256 2710 Expergi-

263 2717 383 2766 scere
397 2714 530 2775 juxta
550 2711 647 2758 dies
669 2711 948 2768 aste-rostatis,
976 2714 1267 2773 generationes
1306 2711 1641 2760 aetertzitatum''
1679 2729 1757 2759 tr:
1784 2730 1831 2776 9,
1868 2712 1963 2759 dies
1992 2714 2257 2762 aeternitatis·

263 2799 353 2848 pro
383 2782 497 2829 statu
532 2780 582 2827 &
617 2790 825 2842 tempore
847 2777 1062 2826 Ecclesiae
1095 2777 1458 2842 Antiquiflimae‚
1494 2779 1718 2827 aeternitas
1748 2779 1805 2825 de
1842 2779 1918 2826 illa
1959 2780 2250 2841 praedicatur,

263 2849 374 2916 quia
399 2848 445 2895 in
468 2848 604 2894 bonor
625 2844 792 2892 amoris
816 2844 862 2891 in
887 2844 1146 2894 Dominum
1169 2843 1275 2900 fuit,
1311 2845 1370 2891 de
1392 2861 1489 2908 quo
1513 2847 1651 2901 bono,
1688 2847 1796 2908 quia
1819 2845 2085 2892 immediate
2106 2862 2130 2892 a
2153 2849 2253 2894 Do-

260 2916 414 2972 mino,
449 2912 618 2960 dicitur
637 2923 863 2959 aeternum
885 2931 899 2965 ;
935 2911 1244 2974 generationes
1265 2914 1568 2959 aeternitatum
1589 2928 1672 2974 pro
1692 2911 1821 2958 bonis
1847 2912 1967 2958 inde.
2036 2913 2254 2961 Similiter

259 2982 387 3046 apud
419 2978 586 3028 Mosen
623 2986 657 3007 “
680 2977 927 3025 Memento
949 2977 1130 3025 dierum
1151 2980 1430 3033 aeternitatis‚
1468 2979 1656 3040 intelligi
1666 2992 1708 3024 te
1731 2995 1858 3026 annos
1878 2982 2167 3042 generationis
2192 2981 2250 3029 ἐξ

259 3043 588 3114 generationis”
625 3045 781 3108 Dent:
803 3059 942 3092 xxxu
964 3061 974 3090 :
1003 3059 1049 3106 7,
1085 3044 1180 3091 dies
1204 3044 1470 3092 aeternitatis
1498 3060 1580 3108 pro
1605 3046 1716 3092 statu
1741 3046 1789 3091 ὅτ
1808 3058 2014 3108 tempore
2039 3046 2252 3095 Ecclefiae

268 3113 627 3176 Antiquiffimae‚
663 3127 772 3175 quae
794 3125 895 3158 ante
931 3110 1182 3167 diluvium,
1215 3112 1266 3158 ὅτ
1290 3111 1380 3159 fuit
1405 3110 1604 3158 Ecclesia
1643 3110 1890 3166 Coelestis3
1923 3116 2028 3160 anni
2064 3129 2251 3175 genera--

261 3179 405 3228 tionis
426 3180 475 3227 ὅτ
508 3178 806 3239 generationis
839 3193 926 3240 pro
949 3176 1062 3225 statu
1086 3179 1135 3225 ὅτ
1160 3191 1366 3242 tempore
1399 3177 1614 3226 Ecclefiae
1647 3177 1890 3240 Antiquae,
1925 3195 2034 3243 quae
2057 3179 2158 3243 post
2181 3183 2252 3227 di-

264 3245 470 3318 luvium,
505 3243 662 3294 &fuit
684 3243 882 3296 Ecclesia
916 3243 1174 3309 spiritualis,
1205 3244 1380 3361 ἓεέυές
1406 3244 1612 3295 Ecclefiis
1649 3245 1712 3294 ibi
1745 3244 1869 3309 apud
1893 3245 2057 3295 Mosen
2083 3249 2253 3363 aihu}

2154 3328 2218 3377 pu
