2606 3646
396 215 591 306 196-
769 215 835 286 G
969 208 1041 285 Ε
1140 207 1293 284 Ν
1386 208 1460 282 Ε
1590 208 1647 282 s
1757 207 2313 290 IS*

470 341 614 406 5693.
650 338 715 388 Et
731 339 963 408 quaerebat
985 339 1107 398 flere,
1141 338 1268 404 quod
1294 336 1760 402 fignifieet'affeetum'
1785 338 2104 399 misericordiae
2124 357 2188 402 α’
2204 336 2387 422 artiore}

399 409 572 457 constat
594 425 621 456 a
644 407 967 470 significatione
989 406 1139 466 fletuS,
1163 405 1286 471 quod
1308 407 1364 454 fit
1385 404 1576 455 effectus
1593 406 1914 477 miseridordiae
1925 428 1984 476 ex
2001 431 2176 481 amore,
2201 422 2382 490 ‘det-,ui

396 484 462 524 ‘nz
526 480 635 525 801.
732 479 808 523 80.
1996 483 2008 488 ”
2360 493 2362 495 ·

470 493 615 607 53694.
651 490 865 591 {dvenit
885 540 1150 589 cubiculum
1172 537 1222 588 &
1247 537 1377 606 flevit
1410 539 1493 609 ibi,
1530 538 1657 603 quod
1691 539 1919 606 fignificet
1951 547 2075 599 in'se
2109 568 2212 603 non
2236 562 2380 624 appa-'

399 622 564 665 tenter,
598 608 766 658 constat
799 623 858 655 ex
882 607 1206 672 fignificatione
1223 605 1682 666 veni-recubiculum,
1715 611 1842 676 quod
1863 610 1916 661 fit
1933 613 1981 661 in
2001 613 2065 674 se,
2100 632 2156 668 ut
2177 636 2269 671 non
2292 642 2377 690 ap-

395 687 560 740 pareat.
633 674 674 722 F
675 674 849 722 ormula
881 673 1073 722 solennis
1090 671 1328 738 Antiquis.
1344 672 1489 721 hietat
1521 670 1688 742 dicere,
1725 677 1901 728 intrare,
1926 679 1973 744 in
1992 684 2287 749 ''cubiculum,
2321 691 2375 742 δε

395 757 584 806 quoque
606 754 715 790 tunc
747 741 953 790 claudere
985 738 1173 796 ostium,
1202 742 1317 808 *cum
1350 738 1652 805 intelligerent
1671 739 1820 792 facere
1839 742 2013 810 aliquid
2037 751 2162 812 quod
2182 769 2280 805 non·
2295 773 2377 824 ap.

395 821 606 872 pareret3
641 808 841 856 derivata
864 807 951 854 fuit
973 804 1046 854 illa
1070 806 1264 855 fonnula
1291 822 1321 854 a
1349 806 1666 871 fignificativis
1700 808 1747 857 in
1785 810 1982 864 Ecclesia
2016 814 2256 883 Antiqua,
2288 827 2377 888 per

401 876 597 923 domum
622 877 748 924 enim
784 875 831 922 in
855 872 982 922 sensu
1005 872 1228 937 spirituali
1241 870 1554 937 intelligebant
1575 874 1833 941 hominem,
1870 891 1898 925 n
1921 893 1932 925 :
1959 883 2086 943 3128
2109 900 2129 938 ς
2159 900 2242 948 per
2261 903 2373 943 eon.

352 958 361 961 ’·
393 942 539 988 clavia
561 943 611 989 &
635 941 840 989 cubicula
864 940 1180 1002 intelligebant
1202 939 1415 988 interiora
1430 939 1632 988 hominis
1655 963 1671 995 ς
1705 942 1812 991 inde
1832 944 1986 994 venire
2010 946 2086 995 seu
2122 949 2305 1002 intrare·
2322 957 2374 1009 in

392 1009 662 1056 cubiculum
684 1007 965 1071 significabat
981 1007 1029 1054 in
1053 1006 1117 1064 se,
1151 1005 1479 1070 consequenter
1509 1017 1564 1054 ut
1593 1022 1690 1058 non
1722 1022 1969 1076 appareat:
2004 1012 2056 1061 ὃῑ
2077 1017 2186 1079 quia
2209 1019 2371 1073 intrare

389 1075 675 1131 cubiculum,
711 1073 1070 1137 significativum
1093 1071 1200 1128 fnit,
1233 1072 1341 1119 ideo
1361 1071 1411 1119 in
1440 1071 1602 1121 Verbo
1633 1075 1793 1140 pamm
1828 1077 1893 1133 ita
1923 1076 2124 1136 dicitur3
2161 1098 2213 1134 ut
2243 1090 2368 1153 apud

391 1138 577 1189 Esaiam
613 1149 649 1171 “
666 1141 765 1189 Abi
790 1139 961 1203 popule
984 1140 1072 1197 mi,
1106 1138 1292 1187 intrain
1301 1137 1500 1186 cubicula
1513 1148 1616 1196 tua,
1638 1140 2042 1204 &clatedejamam
2057 1155 2178 1197 tuam
2186 1153 2279 1215 post
2293 1165 2337 1204 te
2350 1179 2367 1214 3

387 1208 570 1255 occulta
593 1219 637 1254 te
662 1206 775 1254 ficut
797 1222 961 1270 parum
980 1203 1224 1262 momenti,
1241 1203 1386 1269 usque
1407 1205 1526 1253 dum
1544 1206 1702 1260 transit
1715 1208 1780 1254 ira
1792 1205 1823 1230 ’⁹
1846 1216 2000 1258 xxvi-¹:
2025 1226 2090 1263 20
2110 1233 2124 1277 ³.
2156 1220 2281 1281 quod
2297 1222 2366 1271 in-

387 1287 504 1322 trare
527 1276 573 1321 in
594 1273 802 1321 cubicula
826 1288 916 1320 non
940 1271 1004 1320 ibi
1027 1271 1081 1320 fit
1104 1272 1267 1319 intrare
1290 1272 1337 1318 in
1368 1270 1596 1329 cubicula,
1633 1271 1867 1323 manifeste
1897 1276 2089 1336 constat,
2126 1281 2200 1331 sed
2237 1284 2286 1333 se'
2314 1291 2364 1339 jn

389 1341 572 1388 occulto
593 1354 762 1397 tenere,
793 1340 844 1402 ὅτ
867 1338 913 1386 in
937 1340 994 1387 se.
1062 1338 1214 1403 Apud
1237 1335 1532 1387 Ezechielem
1565 1345 1604 1370 “
1623 1339 1765 1388 Dixit
1784 1339 1843 1406 ad
1868 1356 1961 1399 me,
1985 1359 2099 1394 num
2117 1346 2271 1399 vidisti
2294 1355 2368 1407 fili

381 1406 602 1464 hominis,
636 1421 742 1471 quae
772 1404 964 1452 seniores
1001 1404 1173 1452 domus
1194 1403 1361 1453 Israelis
1381 1401 1592 1454 facientes
1614 1404 1663 1452 in
1684 1406 1897 1465 tenebriS,
1932 1408 2004 1457 vir
2028 1410 2073 1459 in
2096 1416 2363 1472 conclavibus

382 1475 580 1538 imaginis
591 1473 719 1536 suoe,
752 1471 956 1520 dicentes
984 1470 1127 1529 enirn,
1164 1486 1256 1518 non
1274 1469 1487 1531 Jehovah
1510 1471 1671 1519 videns
1695 1487 1777 1522 nos
1794 1470 1838 1533 ’³‘
1862 1488 1957 1522 vm
1981 1492 1993 1523 ε
2023 1493 2078 1527 12
2102 1501 2117 1535 3
2153 1481 2294 1533 facere
2309 1489 2362 1539 in

374 1541 599 1597 tenebris,
633 1540 703 1587 vir
732 1538 779 1586 in
800 1537 1092 1586 conclavibus
1119 1536 1333 1600 imaginis
1354 1536 1466 1596 suae,
1500 1539 1732 1603 pro-intus
1754 1539 1800 1605 in
1826 1537 1967 1604 se‚‚in
1987 1545 2361 1617 cogitationibus,

385 1607 596 1655 interiora
617 1604 904 1669 cogitationis
926 1605 978 1652 &
998 1603 1252 1653 affeclionis
1281 1604 1462 1664 eorum,
1498 1604 1870 1669 repraesentatum
1889 1620 1980 1656 erat
2002 1612 2244 1676 prophetae
2276 1636 2361 1685 per

379 1674 633 1730 conclavia,
670 1674 719 1720 &
742 1683 908 1719 vocata
929 1670 1163 1719 conclavia
1196 1670 1424 1734 imaginis,
1492 1671 1641 1736 Apud
1658 1671 1824 1721 Mosen
1859 1680 1894 1703 ‘⁴
1910 1673 2038 1723 Foris
2059 1680 2239 1731 orbabit
2257 1688 2359 1750 gla-

377 1742 498 1798 dius,
532 1742 584 1788 &
605 1755 656 1788 ex
678 1738 946 1787 conclavibus
968 1749 1131 1796 terror,
1168 1748 1261 1785 tam
1279 1736 1518 1801 juvenem,
1537 1751 1682 1800 quam
1707 1737 1953 1804 virginem,
1978 1741 2218 1798 lactentem
2241 1768 2353 1805 cum

376 1808 481 1856 viro
499 1807 606 1856 senii
623 1804 657 1824 ''
692 1806 850 1853 Deut:
872 1818 1171 1865 xxxi124253
1206 1802 1388 1866 gladius
1411 1818 1497 1868 pro
1514 1803 1758 1852 vastatione
1773 1805 1884 1863 veri,
1921 1808 2222 1872 &punitione
2240 1818 2354 1879 falfi,

378 1891 440 1923 n:
469 1890 633 1938 27993
668 1887 727 1920 ex
761 1871 1050 1919 conclavibus
1085 1882 1228 1918 terror
1259 1884 1346 1934 pro
1380 1869 1659 1919 interioribus
1692 1871 1922 1927 hominis;
1956 1877 2081 1938 quod
2117 1883 2355 1937 conclavia

376 1941 443 1988 ibi
463 1957 554 1989 non
572 1940 658 1988 s1nt
675 1937 900 1985 conclavia
919 1952 1026 2001 quae
1046 1936 1381 1999 intelliguntur,
1401 1937 1541 1985 etiam
1559 1948 1694 2001 patet.
1763 1937 1911 2002 Apud
1929 1938 2160 1994 Davidem
2197 1956 2232 1980 σε
2251 1952 2351 2017 Qi

376 2007 532 2069 irrigat
569 2017 744 2053 montes
768 2022 789 2052 e
812 2003 1198 2067 Conclavibusficis
1214 2002 1244 2026 ’³
1285 2002 1433 2072 Pusalm
1454 2021 1465 2051 :
1489 2019 1600 2070 civ:
1624 2021 1679 2070 13
1703 2025 1722 2072 ς4
1752 2005 1937 2071 irrigare
1960 2024 2139 2060 montes
2156 2014 2202 2061 in
2221 2017 2349 2068 sensu

369 2073 590 2139 spirituali
614 2071 679 2120 est
702 2072 964 2127 benedicere
988 2069 1076 2118 illis
1101 2071 1182 2135 qui
1219 2069 1263 2118 in
1299 2086 1454 2119 amore
1488 2069 1536 2117 in
1571 2071 1851 2130 Dominum,
1886 2074 1942 2121 ’δι’
1970 2076 2018 2122 in
2053 2093 2207 2128 amore
2238 2100 2347 2150 erga

372 2141 643 2205 proximum
686 2138 820 2193 sunt3
867 2137 994 2201 quod
1030 2153 1163 2185 mons
1207 2136 1263 2190 fit
1295 2136 1477 2184 coeleste
1511 2140 1709 2202 amoris,
1738 2138 1946 2188 videatur
1966 2156 2026 2188 n:
2054 2158 2166 2208 795,
2196 2165 2343 2213 1430,

368 2225 518 2266 4210,
565 2205 671 2257 inde
702 2221 762 2251 ex
794 2205 1088 2251 conclavibus
1122 2201 1228 2260 sui3‚
1269 2202 1335 2250 est
1367 2219 1426 2250 ex
1460 2203 1748 2263 interioribus
1780 2206 1906 2255 coeli.
1975 2211 2126 2272 Apud
2161 2214 2340 2267 Lucam

367 2282 404 2305 ‘⁶
423 2276 723 2335 Quaecunque
747 2271 791 2317 in
817 2269 1011 2317 tenebris
1033 2268 1256 2326 dixeritis,
1292 2270 1340 2316 in
1363 2269 1460 2317 luce
1481 2269 1746 2324 audientur»,
1781 2272 1831 2319 &
1852 2273 1978 2336 qnod
2006 2275 2239 2330 inaurem
2258 2285 2342 2333 ‘lo-

366 2340 500 2405 quuti
517 2339 694 2386 fueritis
717 2340 761 2384 in
775 2336 986 2392 cubiculis,
1010 2335 1334 2399 praedicabitur
1356 2334 1488 2399 super
1508 2336 1638 2383 tectis
1653 2334 1686 2360 ''
1722 2351 1796 2384 ΧΠ
1817 2355 1834 2384 .·
1869 2356 1916 2401 3,
1954 2339 2174 2401 Cubicula
2196 2352 2336 2401 etiam

363 2407 425 2454 ibi
447 2422 534 2471 pro
552 2403 837 2452 interioribus
872 2402 1089 2459 hominis,
1128 2417 1295 2466 nempe
1325 2401 1456 2466 quod
1490 2404 1778 2467 cogitaverat,
1813 2404 1940 2470 quod
1974 2406 2247 2473 intenderat,
2274 2419 2336 2467 &-

342 2473 488 2537 ‘quod
514 2471 702 2520 molitus
724 2469 802 2516 est.
875 2468 1330 2532 ApudMatthaeum
1367 2474 1400 2498 ‘⁶
1419 2470 1619 2533 Qando
1652 2470 1862 2528 oraveris,
1895 2473 2058 2522 int-rato
2091 2481 2135 2526 in
2167 2482 2336 2533 cubicu-
2387 2519 2389 2521 ,

360 2543 448 2589 llum
471 2549 607 2595 tuum,
644 2538 690 2585 &
718 2534 913 2584 claudens
936 2536 1076 2598 ostium
1097 2544 1235 2592 tuum,
1270 2535 1320 2583 ὅτ
1342 2549 1419 2583 ora
1445 2535 1489 2582 in
1513 2536 1699 2584 occulto
1719 2539 1752 2561 ’³
1786 2553 1841 2586 vt
1864 2553 1875 2583 :
1902 2538 1963 2594 6;
1999 2540 2164 2597 intrare
2187 2549 2335 2598 in'cu-

361 2606 569 2655 biculum
605 2605 656 2652 &
678 2618 824 2660 orare,
859 2617 943 2667 pro
978 2617 1070 2649 non
1102 2613 1374 2669 apparenter
1392 2622 1409 2657 ·,
1443 2601 1530 2650 hoc
1559 2603 1683 2650 enim
1712 2619 1739 2651 a
1761 2604 2132 2668 repraesentativo
2154 2612 2332 2666 dictum

362 2672 442 2720 cst.
2031 2705 2035 2709 .

422 2738 569 2800 5695.
606 2736 671 2784 Et
695 2734 804 2783 lavit
827 2733 959 2781 facies
992 2731 1103 2791 suari,
1138 2733 1267 2798 quod
1302 2733 1526 2795 fignificet
1558 2735 1683 2798 quod
1716 2735 1971 2801 disponeret
1996 2739 2070 2799 ita,
2105 2746 2277 2797 constat
2301 2766 2327 2799 a

351 2804 678 2867 significatione
700 2803 844 2849 lavare
867 2798 1020 2858 facie5‚
1059 2800 1187 2864 quod
1210 2798 1285 2849 hic
1325 2800 1378 2848 sit
1402 2801 1636 2865 disponere
1661 2802 1721 2851 ita
1746 2817 1797 2851 ut
1821 2814 1920 2851 non⁴
1936 2821 2164 2875 appareat,
2202 2812 2325 2864 lava·-

353 2873 486 2919 batur
501 2872 624 2917 enim
651 2868 785 2917 facies
807 2882 863 2916 ne
886 2865 1184 2930 lachrymatio
1223 2879 1471 2930 appareret,
1506 2867 1698 2931 proinde
1737 2869 1800 2917 ita
1833 2870 2175 2936 disponebatur,
2209 2897 2327 2946 quo.

352 2940 495 2985 modo
517 2953 626 2985 curn
651 2935 717 2983 his
741 2933 950 2990 sehabet,
988 2935 1035 2980 in
1054 2932 1361 2997 sequentibu8‚
1396 2949 1453 2981 ex
1473 2934 1643 2982 Divina
1668 2935 1861 2998 Domini
1881 2937 2211 3003 Misericordia,
2247 2949 2320 2997 di-

343 3018 498 3059 cetur;
536 3003 607 3051 hic
630 3000 805 3065 aliquid
829 2999 1073 3047 dicendum
1097 3000 1156 3047 de
1179 2999 1573 3064 correspondentia
1607 2998 1735 3049 faciei
1762 3017 1868 3050 cum
1893 3002 2179 3057 interioribus
2201 3034 2214 3066 3
2250 3014 2319 3065 fa,

342 3070 432 3118 cies
456 3070 519 3117 est
538 3080 779 3116 externum
805 3065 1066 3114 interiorum
1088 3065 1524 3129 repraesentativum,
1563 3082 1669 3115 nam
1691 3065 1823 3115 facies
1849 3070 1909 3116 ita
1934 3068 2129 3121 formata
2152 3078 2232 3136 est,
2268 3095 2322 3131 ut

339 3135 550 3184 interiora
569 3135 613 3182 in
638 3133 730 3191 illa,
768 3132 880 3180 sicut
902 3132 950 3181 in
968 3131 1152 3196 speculo
1177 3131 1543 3195 repraesentativo
1565 3145 1822 3196 appareant,
1857 3150 1909 3181 ac
1930 3136 2038 3185 alius
2071 3140 2176 3190 inde
2212 3147 2320 3198 sciat

335 3220 428 3269 qua
451 3212 603 3251 mente
621 3199 674 3247 fit
696 3213 804 3263 erga
822 3197 884 3258 se,
918 3199 979 3249 fic
1000 3209 1055 3249 ut
1066 3213 1175 3250 cum
1197 3197 1418 3265 loquitur,
1451 3198 1706 3271 manifestet
1727 3198 1846 3272 sensa
1869 3202 2093 3323 animisuli
2120 3220 2213 3259 tam
2236 3229 2320 3278 per

2090 3278 2312 3346 oquelam

1106 3382 1125 3404 E
