2626 3666
294 223 608 327 CAPUT*
626 229 1493 339 QUADRAGESIMUM
1524 238 2087 317 SECUNDUM.
2137 270 2264 336 133

281 383 367 432 bus
386 383 410 431 Ξ,
439 376 521 448 qui
546 373 655 432 'non
678 381 812 430 novit
834 378 1101 446 mysterium
1124 379 1253 448 quod
1292 379 1422 436 inibi,
1458 391 1692 428 autumare
1715 378 1878 443 potest,
1907 378 2037 442 ,quod
2070 379 2122 426 fit
2148 395 2273 443 repe-

203 497 218 499 -
276 450 381 498 titio
403 449 565 508 inanis,
592 447 675 497 red
698 444 842 516 usque
865 464 958 497 non
983 448 1045 496 ita
1065 447 1147 506 est,
1183 463 1275 496 una
1294 447 1516 511 expreffio
1546 445 1588 494 se
1611 445 1744 494 rese‘rt
1767 447 1820 492 ad
1849 447 2024 493 bonurn
2057 447 2190 493 aitera
2217 446 2275 493 ad

248 530 456 571 -verum,
494 513 878 579 &quiabonum
900 513 966 564 est
988 514 1240 563 voluntatis
1262 515 1311 563 &
1338 528 1500 562 verum
1524 513 1596 562 est
1629 512 1901 567 intelleftus,
1937 512 2072 561 simul
2103 529 2203 582 ¹una
2230 515 2272 559 se

268 579 483 632 refertnd
508 581 813 640 voluntatem,
847 581 984 631 altera
1018 581 1078 630 ad
1102 581 1419 631 int'el‘lefikumt
1456 580 1583 628 causa
1619 580 1699 637 est,
1735 581 1843 644 quia
1878 579 1923 626 in
1951 580 2110 628 Verbo
2132 596 2275 629 omne

268 645 472 697 stastum
495 648 576 706 est,
612 650 665 698 δε
685 648 892 698 stfflum
917 646 983 695 est
1004 662 1064 697 ex
1085 646 1303 713 conjugio
1324 647 1518 703 coelesti,
1555 647 1679 711 quod
1706 647 1770 692 est
1795 646 1901 693 boni
1928 647 1975 692 &
1996 649 2124 700 veri3
2162 648 2273 694 inde

267 714 334 760 est
353 715 480 779 quod
503 715 680 764 ooelurn
702 715 759 764 fit
783 717 828 764 in
849 715 1031 774 Verbo}
1065 714 1393 780 consequenter
1418 714 1655 762 Dominus
1682 714 1779 776 Qi
1818 713 1879 759 est
1916 727 2053 760 omne
2089 715 2132 760 in
2167 730 2270 761 om-

266 781 400 828 nibus
429 780 558 841 coeii,
593 782 709 834 adeo
734 797 785 833 ut
810 781 1042 831 Dominus
1066 781 1122 830 sit
1145 783 1371 834 verbunv,
1421 781 1525 827 bina
1566 779 1774 826 Nonssma
1815 780 2014 827 Domini
2034 815 2047 835 ‚
2102 797 2273 846 nempe

264 845 396 908 Jesus
419 847 638 904 Christus,
677 849 800 897 idem
829 848 1092 906 involvunt,
1128 847 1326 896 Nomen
1353 846 1484 908 Jesus
1506 846 1738 894 Divinum
1764 846 1962 901 Bonum,
1999 847 2048 894 &
2076 848 2269 895 Nomen

268 913 473 963 Christus
495 914 728 965 Divinum
747 917 946 970 Verum.
980 915 1190 965 videatur
1212 930 1241 961 n
1263 931 1272 960 e
1297 929 1442 977 3004.
1465 929 1606 978 3005.
1632 916 1777 976 3008.
1804 928 1932 974 3009
1958 934 1971 967 ;
2007 914 2110 961 inde
2130 915 2267 963 etiam

263 993 411 1044 patet,
463 980 558 1030 uod
573 982 805 1043 Dominus
830 982 882 1031 fit
905 982 951 1031 in
975 983 1192 1030 omnibus
1215 981 1379 1037 Verbi,
1404 981 1521 1028 adeo
1542 991 1594 1028 ut
1618 981 1669 1028 fit
1692 979 1842 1043 ipsum
1859 979 2073 1028 Verbum
2095 998 2112 1029 :>
2143 983 2272 1046 quod

266 1040 456 1111 conjug
511 1064 557 1095 m
583 1044 690 1097 boni
713 1050 764 1098 ὅτ
787 1049 906 1107 veri,
931 1048 1007 1097 seu
1031 1045 1305 1112 conjugium
1337 1046 1536 1103 coe1este,
1565 1046 1618 1095 fit
1641 1047 1686 1094 in
1712 1045 1897 1109 singulis
1919 1046 2079 1104 Verbi,
2115 1051 2273 1097 videa-

263 1118 418 1161 tur‘n:
458 1115 571 1180 683.
599 1130 713 1182 793.
742 1119 855 1166 801.
886 1115 1027 1180 2521'6·
1048 1120 1201 1179 '2712ss
1229 1117 1380 1177 5138.
1410 1127 1413 1136 ²
1445 1113 1563 1162 Inde
1586 1128 1774 1178 quoque
1798 1112 2034 1161 evidenter
2053 1118 2267 1167 concludi

263 1179 437 1244 potest,
470 1183 599 1246 quod
627 1185 793 1238 home,
830 1182 863 1230 si
885 1182 1094 1247 expet‘ltat
1115 1181 1313 1238 coelum,
1350 1196 1442 1228 non
1469 1179 1615 1228 solum
1640 1181 1727 1228 erit
1759 1180 1808 1229 in
1833 1181 1961 1227 Vero
1987 1183 2110 1245 quod
2138 1185 2273 1242 fidei,

262 1247 343 1296 sed
385 1247 526 1296 etiam
557 1247 604 1296 in
641 1249 764 1296 bono
785 1249 915 1314 quod
935 1247 1182 1306 charitatiS‚
1218 1249 1270 1296 δε
1293 1245 1423 1313 quod
1459 1246 1664 1311 alioquin
1707 1247 1888 1295 nullum
1927 1251 2105 1297 coelum
2144 1249 2198 1298 fic
2222 1253 2270 1298 in

263 1312 364 1365 isso·
468 1350 472 1354 Α
1119 1327 1122 1329 ’

300 1421 309 1434 .
331 1378 491 1449 5503ἰ·
517 1381 650 1447 Qid
671 1375 787 1431 shaee
806 1380 914 1430 feeit
938 1381 1068 1430 Deus
1090 1380 1241 1438 nobis,
1265 1379 1395 1446 quod
1416 1379 1642 1443 significet
1659 1379 1721 1428 ob
1737 1390 1916 1428 tantum
1935 1380 2269 1442 Providentiae,

259 1448 437 1497 constat
455 1462 515 1496 ex
535 1448 869 1515 fignificatione
891 1447 1040 1496 facere
1061 1449 1207 1504 Deus,
1243 1446 1371 1514 quod
1396 1445 1451 1494 sit
1474 1446 1790 1503 Providentia,
1824 1463 1963 1495 omne
1987 1449 2111 1496 enim
2137 1453 2270 1515 quod

258 1512 369 1564 facit
390 1515 535 1572 Deus,
571 1528 663 1564 non
699 1515 850 1580 potest
887 1515 972 1562 alia
1003 1519 1134 1572 voce‚³
1170 1530 1310 1579 quam
1347 1529 1463 1562 voce
1500 1513 1833 1572 Providentiae,
1873 1514 2108 1579 exprimi3
2143 1517 2272 1565 causa

257 1579 344 1638 est,
376 1580 486 1646 quia·
520 1581 566 1628 in
598 1582 727 1630 omni
753 1581 879 1648 quod
903 1580 1011 1630 facit
1034 1581 1162 1630 Deus
1188 1581 1262 1629 seu
1286 1581 1537 1637 Dominus,
1572 1579 1638 1628 est
1667 1592 1914 1638 aeternum,
1949 1581 1999 1630 δε
2024 1580 2089 1630 est
2112 1583 2271 1632 infini-

260 1659 384 1704 tum,
425 1647 526 1696 haec
547 1643 648 1696 voci
675 1648 1190 1715 Providentiaeinsunt3
1227 1649 1338 1714 quia
1371 1646 1726 1712 obstupuerunt,
1780 1647 1952 1698 idcirco
1990 1649 2270 1713 fignificatur
2335 1700 2338 1703 .

255 1714 319 1763 ob
341 1726 522 1764 tantum
543 1715 873 1767 Providentiae.

320 1797 467 1844 5504.
506 1782 665 1830 Veri*
686 1799 766 1848 29.
791 1800 868 1846 30.
893 1798 974 1846 31.
1003 1798 1082 1845 3²·
1111 1799 1189 1847 33.
1218 1799 1294 1846 34.
1333 1783 1396 1831 Et
1418 1791 1630 1832 venerunt
1667 1781 1728 1831 ad
1746 1782 1974 1847 Jacobum,
2005 1791 2267 1848 patremfic-
2291 1799 2294 1803 ·

249 1863 340 1904 um,
375 1859 543 1907 terram
557 1848 754 1908 Canaan‚
781 1851 838 1901 ΕΒ
859 1850 1111 1898 indicabant
1130 1852 1167 1897 ei
1190 1852 1330 1898 omnia
1353 1849 1614 1898 obvenientia
1637 1850 1742 1907 illis,
1777 1849 1963 1899 dicendo.
2032 1852 2266 1918 Loquutus

248 1916 331 1963 vir
354 1914 548 1963 dominus
563 1926 704 1965 *terrae
725 1933 820 1965 cum
844 1917 963 1965 nobis
984 1915 1114 1974 dura,
1153 1916 1209 1966 ΕΒ
1243 1915 1360 1964 dedit
1397 1932 1468 1965 nos
1491 1917 1610 1979 ficut
1645 1917 1911 1981 explorantes
1946 1928 2125 1968 terram.
2196 1922 2271 1968 Et

257 1980 446 2030 diximus
469 1982 529 2029 ad
547 1998 657 2040 eum,
689 1987 797 2031 retii
820 1999 993 2040 nos,non
1003 1986 1153 2046 fiemus
1175 1985 1475 2047 exploratores.
1544 1984 1777 2033 Duodecim
1799 2001 1872 2032 nos
1884 1986 2061 2049 fratres
2071 1985 2165 2045 filii
2176 2001 2265 2050 pa-

249 2050 337 2095 tris
359 2048 505 2108 nostri,
541 2065 651 2097 unus
684 2066 763 2098 non
802 2051 871 2116 est,
907 2051 964 2100 ἐξ
985 2053 1183 2100 minimus
1221 2050 1343 2098 hodie
1380 2068 1475 2099 cum
1517 2061 1647 2115 patre
1683 2051 1818 2113 nostro
1856 2055 1902 2099 in
1923 2061 2045 2101 terra
2069 2054 2265 2102 Canaan.

240 2115 323 2162 'Et
344 2113 454 2163 dixit
477 2115 538 2163 ad
557 2132 630 2163 nos
653 2119 729 2164 vir
751 2117 864 2166 domi
871 2127 946 2165 nus
970 2127 1115 2174 term,
1152 2120 1197 2165 in
1218 2118 1296 2165 hoc
1321 2119 1458 2178 sciam
1481 2117 1590 2181 quod
1609 2121 1716 2166 rem
1737 2133 1828 2175 vos,
1853 2119 2050 2183 fratrem
2073 2121 2267 2183 vestrum

251 2197 385 2230 unum
409 2199 579 2232 manere
594 2185 734 2247 facite
756 2200 928 2242 mecum,
964 2183 1020 2232 δᾶ
1038 2185 1206 2249 famem
1231 2183 1446 2232 domorum
1471 2185 1710 2246 vestrarum
1745 2188 1940 2250 accipite,
1969 2185 2031 2236 δέ
2053 2190 2126 2236 ite.
2196 2190 2264 2236 Et

241 2246 452 2296 «adducite
470 2251 669 2314 fratrem
701 2252 888 2315 vestrum
911 2254 1131 2300 minimum
1155 2251 1217 2299 ad
1235 2267 1314 2307 me,
1352 2250 1408 2300 {9⁹
1420 2250 1558 2315 sciam
1598 2251 1707 2316 quod
1739 2268 1819 2299 non
1857 2253 2139 2315 exploratores
2163 2271 2262 2314 vot,

247 2315 364 2377 quod
383 2317 491 2364 retii
513 2327 591 2364 vos
610 2339 624 2373 3
647 2311 852 2381 ⁴fratrent
867 2318 1058 2380 vestr-um
1075 2318 1187 2366 dabo
1207 2318 1345 2375 vobis,
1371 2317 1427 2367 &
1444 2327 1610 2367 terram
1625 2318 1875 2385 negotiando
1884 2320 2252 2386 pervagabimim'.

251 2380 320 2428 Et
357 2397 595 2442 venerunt,
656 2384 879 2447 fignificat
919 2386 1212 2433 successivum
1254 2385 1590 2435 reformationis
1615 2403 1626 2432 :
1695 2387 1754 2434 ad
1795 2387 2025 2450 Jacobum
2067 2401 2247 2452 patrem

231 2446 406 2506 suum,
442 2450 665 2512 fignificat
692 2453 871 2501 bonum
907 2453 1004 2499 veri
1030 2452 1271 2502 naturalis:
1324 2460 1491 2501 terram
1530 2453 1730 2509 Canaam
1767 2453 1994 2515 fignificat
2035 2455 2165 2518 quod
2188 2455 2257 2502 est

252 2514 500 2564 Ecciefiae:
535 2518 585 2565 δι
609 2518 871 2566 indicabant
910 2519 948 2566 ei
974 2520 1135 2567 omnia·
1156 2519 1449 2568 obvenientia
1473 2519 1576 2575 illis,
1612 2521 1840 2583 fignificat
1874 2520 2170 2569 reflexionem
2195 2537 2257 2570 ex

249 2581 375 2629 bono
399 2583 493 2629 veri
519 2584 640 2634 illius
664 2585 795 2649 super
819 2586 896 2633 illa
918 2601 1026 2650 quae
1052 2585 1265 2634 haetenus
1288 2585 1495 2649 provisa:
1544 2586 1759 2641 dicendo,
1797 2586 2021 2649 fignificat
2058 2598 2251 2653 percep-

247 2648 424 2696 tionem
447 2667 457 2695 :
495 2650 712 2714 loquutus
735 2653 807 2699 vir
829 2654 1049 2701 dominus
1073 2664 1204 2700 terrae
1239 2651 1462 2716 fignificat
1483 2651 1668 2698 coeleste
1707 2651 1947 2716 spiritualis
1972 2670 2162 2718 regnans
2204 2660 2255 2704 in

247 2715 439 2763 naturali
461 2732 472 2762 z
508 2731 618 2764 cum
642 2718 773 2765 nobis
797 2721 926 2778 dura,
963 2714 1186 2783 fignificat
1211 2734 1302 2766 non
1327 2718 1699 2782 conjunffionem
1724 2735 1832 2767 cum
1857 2719 1937 2767 ino
1955 2722 2016 2769 ob
2036 2738 2127 2769 non
2149 2737 2253 2770 cor-

247 2781 617 2845 respondentiam
638 2800 648 2829 :
687 2784 736 2830 δε
761 2786 889 2833 dedit
912 2802 993 2834 nos
1029 2786 1138 2835 sicut
1161 2786 1446 2850 explorantes
1472 2798 1656 2843 terram,
1693 2785 1918 2846 fignificat
1942 2788 2069 2851 quod
2095 2791 2250 2837 animu-

244 2849 492 2897 adverterit
516 2866 618 2897 vera
646 2849 861 2899 Ecclefiae
882 2852 1010 2900 fuiffe
1033 2853 1089 2900 ad
1112 2853 1395 2916 captandum
1438 2852 1610 2899 lucrum
1632 2869 1668 2904 :N
1699 2853 1749 2899 δε
1774 2853 1978 2901 diximus
2024 2855 2079 2901 ad
2123 2871 2253 2915 eum,

243 2915 357 2963 1εὲὶί
382 2930 481 2973 nos,
519 2932 609 2964 non
636 2917 789 2964 sumus
813 2919 1137 2981 exploratoreS,
1176 2919 1402 2981 significat
1426 2919 1695 2980 negativum
1720 2921 1849 2983 quod
1878 2922 1921 2966 in
1950 2920 2062 2967 veris
2091 2921 2248 2970 Eccle-

244 2980 323 3029 fiae
355 2982 469 3030 lucri
509 2983 664 3032 causa:
703 2984 950 3032 duodecim
977 2999 1057 3030 nos
1082 2984 1255 3043 fratres,
1293 2985 1518 3047 fignificat
1551 2986 1710 3032 omni-a
1750 3002 1853 3032 vera
1896 2987 1940 3032 in
1982 3003 2076 3034 uno
2117 2992 2247 3036 com-

242 3048 418 3109 plexu:
455 3050 538 3097 filii
565 3050 701 3114 patris
726 3051 884 3108 nostri,
924 3050 1148 3114 significat
1171 3067 1229 3098 ex
1263 3067 1350 3098 una
1388 3052 1602 3115 origine:
1640 3068 1755 3098 unus
1789 3068 1881 3099 non
1908 3052 1986 3109 est,
2022 3053 2251 3117 fignificat:

245 3115 367 3176 quod
395 3116 627 3164 Divinum
658 3117 882 3180 spirituale
905 3135 930 3165 a
955 3133 1066 3183 quo,
1104 3134 1191 3164 non
1218 3132 1462 3183 appareat:
1499 3120 1549 3166 &
1573 3119 1796 3167 minimus
1838 3119 1978 3166 hodie
2018 3136 2123 3176 cum
2163 3139 2243 3185 pa·

245 3190 313 3223 tre
337 3180 502 3240 nostro,
538 3183 760 3246 fignificat
784 3185 911 3249 quod
935 3186 995 3232 ab
1020 3183 1117 3247 ipso
1141 3183 1405 3247 adjunelum
1432 3185 1484 3233 fit
1524 3186 1651 3231 bono
1673 3185 1918 3247 spuicuali':
1959 3188 2008 3234 &
2045 3186 2164 3235 dlxit
2187 3188 2251 3235 ad

245 3258 329 3291 nos
362 3246 433 3294 vir
455 3251 671 3300 dominus
696 3263 843 3311 terrae,
880 3251 1102 3318 significat
1126 3252 1531 3319 apperceptionem
1570 3253 1628 3299 de
1654 3252 1830 3302 coelesti
1882 3251 2121 3317 spiritualis
2147 3271 2252 3316 reg.-

2113 3336 2251 3372 name
