2566 3640
289 248 433 317 <p34.
660 229 717 300 (ἶ
856 229 927 302 ,Ζῖ
1003 283 1005 285 .
1057 223 1154 301 Aa?
1276 227 1345 298 ,ΕΞ
1479 219 1541 296 t?
1604 225 1711 308 ‘sl'
1839 228 1902 301 tx

303 375 415 422 302.
435 376 548 422 303.
566 374 679 422 571.
698 362 806 420 582.
825 375 935 422 593.
963 372 1102 406 1001.
1128 359 1272 404 1008.
1300 370 1442 404 1010.
1469 371 1609 419 1059.
1636 355 1940 421 1327.1328.
1963 356 2109 419 2051.
2133 352 2289 418 242‘62

304 431 452 489 3398
474 443 619 491 3399-
644 441 788 488 3402
813 430 956 487 3489
980 426 1122 485 3898
1143 425 1289 484 4289·
1309 422 1459 479 4601

369 486 515 555 6349.
555 495 693 539 Tunc
713 490 1018 554 prophanasti,
1056 490 1180 552 quod
1205 487 1429 547 significet
1448 486 1481 533 fi
1498 485 1737 548 comunem
1753 503 1859 536 cum
1866 489 2002 538 malo
2025 489 2150 555 quod
2170 506 2279 556 pro-

301 558 527 623 phanum,
562 557 733 604 constat
749 558 803 603 ab
827 557 912 603 illis
936 571 1044 620 quae
1069 569 1181 601 mox
1205 552 1334 615 supra
1354 569 1410 600 n:
1438 553 1598 616 6348,
1621 554 1742 606 dieta
1760 553 1879 601 sunt.

371 625 399 670 6
407 640 515 686 390
553 625 753 671 Stratum
779 639 939 670 meum
965 621 1179 677 ascendit,
1216 619 1343 683 quod
1371 619 1589 682 significet
1603 619 1728 683 quod
1752 598 2077 670 contaminaret
2099 622 2280 671 bonum

303 690 561 752 spirituale
550 707 595 736 ιη
617 690 823 743 naturali,
860 688 1030 735 constat
1051 703 1108 733 ex
1129 686 1456 749 significatione
1473 685 1659 732 stratum
1675 685 1940 742 ascendere,
1957 689 2086 751 quod
2106 687 2158 734 fit
2175 705 2285 736 con-

304 756 523 803 taminare
547 756 896 819 prophanando‚
939 755 995 800 de
1019 768 1107 817 qua
1132 767 1244 799 mox
1269 753 1399 815 supra
1423 769 1483 799 n:
1521 753 1687 815 6348;
1733 754 1782 800 ὅτ
1806 769 1863 799 ex
1886 753 2282 816 repraesentatione

302 822 488 876 Israelis,
524 819 862 885 cujussstratum
885 833 979 869 erat
1002 820 1127 884 quod
1152 819 1363 876 ascendit,
1399 818 1524 884 quod
1550 820 1602 866 sit
1627 818 1804 867 bonum
1829 819 2095 883 spirituale
2084 835 2132 867 ιη
2155 830 2285 869 natu·

304 889 402 943 rali,
439 888 502 935 de
525 905 615 951 qua
640 905 696 935 η;
724 886 869 951 6340.

373 955 517 1018 6351.
558 955 692 1003 Vers:
722 973 764 1015 5.
792 956 835 1001 6.
866 969 910 1017 7.
980 953 1192 1001 Schimeon
1218 951 1272 1001 &³
1296 953 1411 1000 Levi
1420 953 1613 1015 fratres,
1665 951 1915 1011 instumenta
1938 940 2150 1001 violentia·
2172 967 2286 1000 mac-

307 1021 435 1068 haerae
451 1037 608 1070 eorum.
672 1023 725 1068 In
727 1023 936 1084 ficretum
959 1036 1102 1068 eorum
1125 1035 1174 1067 ne
1195 1021 1344 1067 veniat
1366 1021 1512 1065 anima
1534 1034 1642 1074 mea,
1667 1021 1711 1066 in
1732 1023 2048 1084 congregatione
2068 1036 2213 1067 eorum
2235 1035 2286 1068 ne

311 1090 590 1150 uniaturglei
590 1090 646 1135 ia
657 1098 771 1143 Qmea
810 1090 908 1150 quia
925 1087 968 1133 in
990 1089 1061 1133 ira
1071 1091 1158 1149 sua
1187 1084 1425 1132 occiderunt
1445 1087 1608 1141 virum,
1663 1084 1752 1133 fs?
1735 1101 1781 1131 tn
1803 1086 2054 1148 beneplacito
2068 1086 2146 1148 fito
2169 1102 2287 1134 ener-

306 1163 473 1200 varunt
493 1155 576 1200 boz
580 1171 656 1202 em
727 1153 1005 1200 Malediaa
988 1169 1059 1200 tra
1075 1168 1219 1200 eorum
1236 1153 1336 1214 quia
1352 1151 1586 1208 vehemens,
1612 1142 1671 1200 δᾶ
1683 1151 2013 1212 excandescentia
2031 1168 2168 1199 eorum
2183 1154 2287 1216 quia

305 1219 453 1274 dura3
488 1219 680 1268 dividam
704 1235 767 1267 eos
791 1223 835 1268 in
856 1219 1038 1281 Jacob0‚
1089 1217 1145 1266 &
1167 1216 1401 1282 dispergam
1425 1233 1488 1266 eos
1511 1221 1555 1265 in
1580 1217 1747 1280 Israele.
1820 1219 2066 1266 Schimeon
2092 1219 2139 1265 &
2164 1217 2287 1265 Levi

304 1285 479 1342 fratreS,
527 1285 747 1350 fignificat
770 1287 911 1334 fidem
938 1285 1170 1333 voluntate
1193 1285 1243 1331 &
1266 1286 1550 1341 charitatem,
1585 1285 1660 1330 hic
1682 1286 1975 1342 contrarium,
2014 1285 2124 1350 quia
2147 1284 2289 1332 fidem

302 1352 550 1416 separatam
570 1369 596 1400 a
613 1352 858 1400 charitate.
897 1351 1172 1400 instumenta
1189 1349 1426 1399 violentiae
1442 1351 1685 1399 machaerae
1710 1367 1890 1409 eorum,
1915 1352 2138 1413 fignificat
2161 1351 2288 1428 quod

302 1419 570 1467 dostrinalia
588 1419 779 1467 serviant
803 1419 860 1467 ad
877 1418 1200 1466 destruendum
1223 1433 1362 1482 opera
1382 1417 1626 1473 charitatis,
1662 1419 1722 1465 ita
1746 1417 1889 1480 ipsam
1912 1417 2205 1466 charitatem}
2241 1419 2291 1466 in

301 1485 523 1532 secretum
547 1501 705 1534 eorum
730 1502 784 1532 ne
807 1485 959 1532 veniat
981 1485 1134 1534 anima
1157 1498 1273 1541 mea,
1311 1483 1533 1547 fignificat
1564 1484 1693 1558 quod
1728 1485 1899 1533 bonum
1931 1484 2161 1549 spirituale
2194 1500 2290 1532 non

302 1550 410 1599 scite
423 1550 533 1599 velit
553 1552 668 1599 mala'
685 1568 793 1615 quae
810 1551 1058 1600 voluntatis
1076 1566 1265 1599 eorum·
1293 1550 1337 1597 in
1355 1550 1709 1613 congregatione
1727 1565 1889 1597 eorum
1908 1567 1964 1596 ne
1983 1551 2167 1599 uniatur
2184 1550 2291 1613 glo·

302 1618 368 1664 ria
388 1634 504 1673 mea,
542 1618 763 1681 fignificat
784 1618 909 1693 quod
934 1633 1015 1665 nec
1038 1632 1203 1664 verum
1226 1615 1335 1665 boni
1354 1615 1595 1679 spiritualis
1620 1614 1728 1662 scire
1746 1615 1858 1662 velit
1876 1614 1981 1663 falsa
1999 1617 2293 1678 cogitationis

304 1700 464 1731 eorum
490 1684 628 1732 inde.
681 1684 792 1748 quia
815 1685 860 1732 in
887 1683 948 1731 ira
972 1684 1047 1731 sua
1070 1682 1333 1730 occiderunt
1355 1683 1528 1737 virum,
1583 1681 1804 1744 fignificat
1829 1682 1956 1744 quod
1981 1683 2024 1730 se
2046 1683 2292 1732 averterint

303 1751 499 1817 prorsuS,
536 1751 645 1798 &in
669 1751 897 1798 averfione
916 1749 1207 1798 exstinxerint
1224 1745 1401 1802 fidem-'3
1436 1749 1552 1796 &in
1587 1747 1872 1810 beneplacito
1908 1747 1988 1796 suo
2019 1762 2292 1799 enervarunt

303 1814 493 1872 bovem,
531 1818 750 1878 fignificat
772 1817 900 1881 quod
924 1833 981 1864 ex
1002 1832 1140 1880 prava
1158 1815 1391 1863 voluntate
1406 1814 1583 1878 prorsus
1601 1813 1937 1863 debilitaverint
1953 1814 2126 1863 bonum
2146 1829 2293 1876 exter-

310 1900 426 1931 num
450 1885 574 1947 quod
600 1885 851 1931 charitatis:
889 1881 1165 1933 maledieta
1155 1897 1216 1928 ira
1241 1888 1399 1928 eorum
1424 1881 1533 1946 quia
1554 1880 1821 1936 vehemens,
1856 1880 2080 1944 fignificat
2103 1872 2295 1932 aversio-

309 1966 417 1997 nem
439 1965 621 2009 gravem
642 1967 666 1996 a
684 1951 807 1996 bono
825 1951 875 1997 δε
898 1949 1005 1996 inde
1029 1947 1402 1996 damnationem:
1442 1949 1492 1995 δε
1510 1946 1873 1994 excandescentia
1896 1962 2055 1994 eorum
2078 1949 2188 2012 quia
2206 1950 2294 1998 du-

311 2032 376 2071 ra,
414 2015 633 2078 significat
655 2016 937 2063 averfionem
961 2031 984 2062 a
1010 2031 1120 2063 vero
1147 2014 1270 2070 inde,
1306 2013 1434 2077 quod
1459 2012 1771 2061 conformata:
1815 2012 2020 2060 dividam
2046 2029 2122 2062 eos
2146 2014 2190 2063 in
2215 2015 2295 2076 Ja-

312 2083 448 2137 coho,
486 2082 704 2142 significat
722 2082 850 2146 quod
876 2097 900 2128 a
918 2083 1110 2129 naturali
1129 2080 1315 2128 homine
1332 2080 1706 2127 exterminanda:
1742 2079 1792 2126 &
1805 2079 2065 2144 dispergam
2079 2092 2155 2130 eos
2170 2082 2216 2129 in
2234 2083 2295 2131 Is-

311 2148 448 2204 raele‚
485 2147 707 2210 significat
729 2148 855 2212 quod
879 2164 904 2194 a
927 2146 1162 2211 spirituali.
1218 2167 1220 2170 ’

384 2215 529 2276 6352.
569 2214 813 2262 Schimeon
839 2216 886 2261 &
906 2214 1024 2262 Levi
1048 2215 1220 2271 fratres,
1255 2212 1384 2278 quod
1409 2213 1635 2276 significet
1659 2210 1802 2260 fidem
1821 2212 2054 2261 voluntate
2076 2213 2125 2260 δε
2150 2214 2295 2263 chari—

314 2291 472 2335 tatem,
511 2280 585 2326 hic
603 2280 898 2335 contrarium,
935 2280 1040 2344 quia
1060 2280 1200 2328 fidem
1222 2280 1464 2343 separatam
1483 2296 1507 2326 a
1520 2278 1751 2336 charitate,
1783 2278 1955 2327 constat
1971 2295 1996 2326 a
2013 2280 2296 2342 repraesenta·

315 2348 437 2393 tione
462 2345 759 2401 Schirneonis‚
811 2347 939 2410 quod
964 2347 1017 2394 fit
1039 2347 1152 2394 fides
1174 2346 1428 2401 voluntate,
1477 2346 1535 2392 de
1565 2361 1655 2409 qua
1689 2362 1742 2392 n:
1778 2345 1924 2408 3869.
1962 2349 2106 2410 3870.
2145 2350 2294 2412 3871.
2279 2385 2298 2399 .,

320 2416 467 2475 3872.
496 2428 643 2475 4497.
669 2427 814 2473 4502.
842 2428 991 2476 4503.
1018 2417 1165 2474 5482.
1193 2413 1338 2474 5626.
1365 2414 1531 2474 56303
1582 2413 1632 2459 δε
1665 2427 1691 2457 a
1732 2412 2122 2475 repraesentatione
2155 2415 2297 2473 Levi,

319 2478 449 2541 quod
474 2479 526 2525 fit
548 2478 756 2536 charitas,
793 2478 851 2524 de
869 2495 962 2543 qua
982 2495 1040 2525 n:
1067 2483 1213 2554 3875.
1237 2482 1382 2542 3877,
1418 2478 1493 2524 hic
1512 2489 1664 2524 autem
1688 2478 1982 2534 contrarium,
2018 2478 2127 2542 quia
2149 2481 2296 2530 fidem

323 2547 569 2607 separatam
585 2561 611 2592 a
628 2544 859 2601 charitate,
886 2561 1001 2593 cum
1012 2560 1136 2592 emm
1156 2561 1236 2608 per
1253 2539 1522 2592 Reubenem
1543 2544 1616 2591 illa
1635 2542 1746 2592 fides
1764 2546 2115 2607 repraesentatur,
2150 2560 2205 2594 ut
2217 2563 2301 2611 pa·

324 2623 391 2657 tet
421 2613 476 2657 ab
495 2610 581 2657 illis
601 2627 709 2674 quae
727 2611 781 2657 ad
793 2611 938 2661 Vers:
963 2627 996 2670 4
1019 2610 1240 2674 explicata
1270 2611 1385 2667 sunt,
1422 2610 1619 2672 sequitur
1634 2610 1762 2671 quod
1784 2610 1909 2658 nulla
1928 2610 2041 2658 fides
2063 2611 2299 2662 voluntate

324 2676 395 2732 sit,
432 2676 490 2723 ita
516 2692 597 2723 nec
621 2677 716 2723 ulla
740 2677 948 2732 charitas,
985 2693 1091 2740 quae
1127 2677 1498 2740 repraesentantur
1521 2692 1602 2738 per
1635 2676 1959 2725 Schimeonem
1983 2677 2033 2724 δε
2057 2677 2208 2735 Levi,
2227 2678 2296 2728 se-

321 2755 532 2804 quuntur
558 2743 682 2789 enim
708 2742 839 2790 haec
831 2759 873 2790 in
900 2742 1005 2790 serie
1028 2760 1054 2790 a
1079 2743 1153 2790 suo
1177 2743 1401 2806 principio
1422 2764 1435 2796 ;
1487 2755 1764 2806 quapropter
1788 2758 1867 2806 per
1888 2742 2206 2792 Schimeonem
2231 2760 2298 2792 re-

324 2807 617 2870 praesentatur
640 2807 799 2856 falsum
824 2809 1076 2864 voluntate,
1129 2810 1179 2856 δε
1204 2824 1283 2871 per
1307 2809 1427 2856 Levi
1454 2809 1627 2856 malum
1649 2808 1771 2865 afiu,
1823 2808 1922 2856 haec
1945 2809 2067 2857 enim
2090 2811 2298 2873 opposita

325 2874 428 2920 sunt
453 2874 557 2920 fidei
581 2874 815 2922 voluntate
838 2876 888 2923 &
911 2874 1146 2930 charitati,
1197 2875 1324 2939 quod
1347 2874 1446 2922 haec
1472 2875 1798 2950 significentur,
1837 2886 1963 2939 patet
1984 2887 2041 2923 ex
2063 2889 2136 2932 en,
2170 2878 2298 2940 quod

324 2939 568 2986 Schimeon
589 2942 637 2987 ὅτ
662 2940 779 2986 Levi
804 2940 1144 2990 maledicantur.
2068 2967 2073 2975 ¹

393 3005 533 3066 6353.
576 3005 876 3053 Instrumenta
916 3006 1150 3055 violentiae
1171 3006 1411 3055 machaerae
1433 3023 1610 3064 eorum,
1645 3005 1773 3071 quod
1797 3006 2019 3071 significet
2040 3006 2166 3070 quod
2191 3007 2303 3058 doc-

325 3070 498 3117 trinalia
519 3070 709 3118 serviant
728 3072 784 3118 ad
808 3071 1130 3120 destruendum
1154 3088 1291 3135 opera
1313 3073 1554 3131 charitatis,
1580 3074 1654 3121 ita
1660 3072 1803 3136 ipsam
1824 3067 2106 3128 charitatem,
2129 3076 2303 3128 constat

321 3154 348 3185 a
366 3135 692 3198 significatione
715 3137 1118 3186 instrumentorum
1138 3139 1406 3195 violentiae,
1412 3139 1539 3202 quod
1562 3139 1646 3186 sint
1661 3146 1772 3203 quae
1786 3131 2035 3186 inserviunt
2051 3139 2107 3187 ad
2125 3139 2300 3191 destru-

323 3201 492 3250 endum
510 3202 791 3261 charitatem,
825 3203 954 3269 quod
973 3203 1271 3280 instrumenta
1295 3204 1379 3255 fint
1405 3219 1511 3268 quae
1534 3204 1798 3262 inserviunt,
1831 3216 1970 3270 patet,
2008 3206 2057 3256 &
2080 3207 2206 3271 quod
2229 3209 2300 3256 Vil-

2130 3272 2301 3325 olentia
