2566 3640
292 361 374 392 cur
402 349 635 402 Dominus
672 349 745 398 hic
779 348 966 399 Schiloh
998 348 1185 406 dicitur.
1237 359 1371 413 patet.
1401 349 1459 398 ab
1496 347 1585 399 illis
1621 364 1732 414 quae
1765 364 1879 399 mox
1902 347 2033 415 supra
2058 365 2115 398 n:
2143 352 2291 418 6371}

299 414 446 476 6372,
499 416 557 463 de
585 418 752 480 Regno
776 415 950 468 coelesti
978 417 1026 466 ὅτ
1049 414 1143 478 ejus
1166 415 1403 479 potestate,
1452 414 1576 469 dieis·
1599 415 1700 473 sunt
1717 439 1734 474 ἦ
1769 432 1878 465 curn
1902 419 2027 465 enim
2056 418 2293 476 Divinum

295 496 380 544 per
403 482 514 530 illud
542 484 760 545 Regnum
797 483 1047 540 sistebatur,
1097 494 1209 531 tunc
1234 494 1325 531 erat
1351 480 1719 544 intranquillum‚
1750 487 2013 545 suomenim
2038 498 2290 550 potuerunt

296 548 375 602 illa
399 565 508 612 quae
532 551 576 597 in
601 551 739 614 coele,
775 551 825 599 &
850 550 927 603 illa
947 565 1055 613 quae
1077 549 1123 599 in
1149 548 1348 607 inferno,
1386 564 1465 614 pu·
1489 548 1536 597 id
1559 550 1609 596 in
1631 547 1844 610 ordinem
1864 550 2031 612 redigi,
2068 569 2174 603 nam
2201 551 2294 606 Di.

296 615 479 671 vinum,
531 616 656 678 quod
684 633 764 680 per
782 616 902 669 >illud
916 615 1143 679 Regnum
1181 616 1486 674 transfluebat,
1537 631 1633 663 non
1654 615 1811 679 potuit
1833 616 1919 666 effe
1938 633 2129 680 purum,
2180 620 2291 683 quia

299 681 490 734 Coelum
516 698 606 733 non
631 678 695 731 est
718 699 903 747 purum,
938 681 1000 734 ita
1025 683 1070 731 id
1095 683 1317 747 Regnum
1353 699 1435 732 nec
1468 682 1694 741 validum,
1729 693 1782 730 ut
1805 697 1883 746 per
1906 682 1952 733 id
1964 685 2130 747 „omnia
2151 687 2198 735 in
2216 702 2291 740 or-

297 747 404 795 dine
429 761 684 814 tenerentur
704 770 721 805 3*
768 754 1051 815 quapropter
1073 749 1209 807 etiam
1231 762 1345 813 *tunc
1369 749 1548 815 spiri-tue
1573 748 1812 798 infernales
1833 749 1883 801 &
1905 748 2127 807 diabolici
2141 750 2200 805 ab
2220 754 2292 813 in·-

295 813 432 863 {ernis
462 815 503 866 se
526 816 792 874 efferebant,
832 812 882 866 δι
908 816 1040 881 super
1063 818 1323 875 animabus,
1376 833 1482 883 quae
1504 832 1530 864 e
1553 816 1731 865 mundo
1761 815 2024 874 veniebant,
2076 816 2289 875 domina-

293 882 456 933 bantur
477 903 491 936 3
527 898 582 932 ex
607 900 701 948 quo,
726 884 880 941 fiebat,
917 885 1047 949 quod
1073 900 1164 939 non
1187 885 1261 936 alii
1287 898 1397 932 tunc
1422 883 1578 941 salvari
1601 882 1856 947 potuerint,
1892 899 2037 947 quarn
2058 884 2291 946 coelestem

297 949 349 995 &
374 949 559 1000 tandem
596 953 677 1000 vix
708 950 793 1007 illi,
845 952 928 1002 nifi
955 953 1190 1006 Dominus
1225 952 1463 1016 susceperit
1493 951 1794 1006 Humanum,
1847 951 1897 997 &
1921 965 2002 1014 per
2024 952 2154 1016 quod
2176 951 2292 1008 illud

294 1014 339 1061 in
357 1016 413 1063 Se
431 1015 837 1067 Divinum‘fecerit
857 1040 871 1074 ;
910 1033 987 1081 per
1011 1019 1097 1067 hoc
1116 1019 1350 1069 Dominus
1373 1020 1531 1070 omnia
1553 1018 1730 1079 redegit
1748 1017 1794 1064 in
1811 1017 2042 1078 ordinem,
2079 1020 2290 1082 primurn

295 1098 345 1129 ea
362 1099 469 1146 quae
493 1084 538 1130 in
563 1084 702 1140 coelo,
727 1084 834 1132 dein
859 1084 933 1134 illa
956 1101 1066 1150 quae
1085 1085 1132 1137 in
1156 1084 1358 1142 infernis,
1394 1085 1500 1148 inde
1523 1082 1814 1149 tranquillum
1841 1085 1993 1146 pacis:
2029 1085 2159 1150 quod
2185 1085 2290 1150 Spi-

295 1149 493 1207 rituales‚
553 1150 641 1199 hoc
676 1150 758 1210 est,
809 1151 879 1198 illi
904 1154 985 1216 qui
1009 1168 1035 1199 a
1059 1151 1276 1215 spirituali
1300 1151 1500 1201 Ecclesia
1521 1151 1678 1209 essent,
1731 1149 1885 1198 salvati
1908 1147 2078 1198 fuerint
2103 1166 2183 1214 per
2205 1154 2287 1202 ad-

292 1228 489 1265 venturn
517 1216 732 1273 Domini,
766 1217 1054 1280 videatur-n:
1080 1218 1225 1268 2661.
1253 1219 1398 1284 2716.
1427 1221 1573 1283 2833.
1600 1222 1765 1281 28343
1802 1217 1851 1265 δε
1884 1216 2012 1281 quod
2037 1218 2287 1279 Dominus,

202 1280 210 1328 .’
294 1297 405 1330 cum
427 1282 474 1330 ‘in
502 1284 676 1331 mundo
711 1283 819 1342 fuit,
872 1285 1102 1348 redegerit
1136 1287 1293 1333 omnia
1316 1302 1363 1333 m
1387 1284 1616 1343 ordinem,
1670 1300 1731 1332 n:
1764 1287 1904 1333 1820.
1937 1284 2087 1343 4286.
2116 1287 2282 1348 4287:

293 1350 417 1413 quod
453 1349 681 1399 Divinum
719 1351 892 1400 Verum
917 1351 1179 1414 aJexhovah
1213 1352 1287 1402 seu
1320 1352 1534 1401 Domino
1568 1350 1804 1400 influxerit
1825 1362 1905 1415 pet
1926 1350 2104 1398 coelum
2128 1351 2174 1403 in
2199 1351 2288 1400 hu-

229 1434 233 1440 ‘
293 1433 487 1465 manum
511 1430 670 1477 genus,
706 1416 781 1465 sed
800 1418 910 1482 quia
933 1419 1022 1467 hoc
1045 1435 1137 1467 non
1163 1418 1341 1468 suffecit
1363 1434 1470 1468 cum
1493 1419 1646 1469 homo,
1661 1417 1703 1467 se
1726 1416 1925 1469 removit
1946 1433 1972 1464 a
1995 1417 2133 1475 bono,
2185 1419 2285 1466 Do-

291 1483 442 1531 minus
477 1484 523 1531 in
561 1483 791 1533 mundum
827 1485 971 1542 venit,
1023 1486 1073 1534 ὅτ
1107 1484 1392 1537 Humanum
1430 1487 1475 1534 in
1501 1486 1558 1533 Se
1583 1484 1816 1536 Divinum
1855 1483 1977 1540 fecit,
2030 1497 2081 1532 ut
2103 1484 2284 1549 abipso

295 1549 476 1598 Divino
501 1550 731 1598 Humano
757 1551 954 1603 Domini
980 1552 1213 1601 Divinum
1229 1553 1409 1603 Verum
1443 1552 1726 1616 procederet,
1759 1552 1813 1600 &
1836 1549 1896 1601 fic
1918 1551 2104 1601 salvaret
2124 1551 2281 1614 homiq

289 1633 414 1673 nem,
450 1617 531 1681 qui
554 1617 772 1681 reciperet
794 1619 969 1670 bonum
993 1634 1073 1682 per
1093 1635 1278 1677 verum,
1301 1635 1359 1667 n:
1384 1623 1531 1678 4180.
1557 1617 1703 1667 6280.
1757 1669 1769 1678 ,

358 1685 503 1746 6374.
543 1683 608 1734 Et
630 1680 952 1735 ei'obedientia
976 1685 1275 1749 populorum,
1326 1686 1456 1750 quod
1492 1682 1716 1746 fignificet
1747 1681 1879 1746 quod
1912 1698 1941 1740 a
1962 1680 2146 1731 Divino
2171 1683 2281 1735 Hu-

287 1765 429 1801 mano
445 1750 588 1813 Ipsius
614 1751 913 1813 procederent
936 1767 1041 1801 vera
1065 1764 1174 1817 quae
1198 1751 1335 1816 recipi
1360 1752 1557 1816 possent,
1603 1748 1776 1798 constat
1798 1765 1857 1801 ex
1880 1747 2209 1818 significatione
2230 1766 2285 1798 o-

287 1816 551 1873 bedientioe,
587 1816 713 1876 quod
738 1817 792 1866 sit
809 1819 1010 1882 receptio
1029 1834 1246 1867 verorum
1270 1835 1378 1883 quae
1401 1834 1425 1865 a
1443 1816 1647 1872 domino*
1665 1816 1918 1879 procedunt
1938 1836 1953 1871 3
1987 1817 2039 1865 &
2060 1831 2086 1863 a
2109 1815 2283 1879 fignifi-

287 1884 465 1934 catione
486 1883 787 1946 populorum,
824 1885 950 1949 quod
973 1884 1058 1933 fint
1082 1885 1148 1933 illi
1172 1888 1253 1949 qui
1279 1885 1327 1933 in
1350 1887 1487 1943 veris²
1537 1884 1597 1931 ita
1620 1898 1809 1947 quoque
1831 1898 1953 1940 vera,
2004 1882 2062 1930 de
2092 1899 2185 1948 qua
2205 1900 2246 1930 ,η
2262 1901 2279 1932 :

295 1965 435 2013 1259,
462 1950 602 1997 1260.
633 1954 755 2012 3581
779 1971 793 2003 ς
829 1950 879 1999 &c
904 1950 1007 1999 inde
1032 1953 1162 2016 quod
1187 1952 1272 2001 sint
1294 1951 1375 2017 qui
1398 1952 1457 2001 ab
1480 1950 1678 2000 Ecclesia
1703 1949 1939 2013 spirituali,
1976 1964 2036 1998 n:
2062 1952 2207 2012 2928.
2236 1951 2238 1953 ’

357 2018 383 2062 6
393 2029 501 2077 375.
541 2015 724 2078 Alligat,
738 2016 798 2065 ad
816 2018 957 2066 vitem
976 2017 1164 2067 asellum
1182 2017 1329 2076 suum,
1351 2017 1478 2083 quod
1496 2016 1719 2079 significet
1738 2031 1897 2069 verum
1920 2016 1963 2063 in
1982 2016 2172 2064 naturali
2191 2031 2280 2079 pro

287 2082 484 2129 Ecclesia
508 2081 726 2139 Externa,
760 2083 932 2132 constat
949 2100 973 2134 a
990 2085 1315 2148 significatione
1331 2086 1532 2149 alligare,
1569 2083 1696 2148 quod
1713 2083 1767 2132 fit
1784 2082 2002 2147 conjungi
2022 2103 2039 2138 ς
2090 2098 2112 2130 a
2138 2082 2276 2144 figni-

287 2148 497 2201 ficatione
529 2147 653 2206 vitis,
701 2149 826 2213 quod
852 2150 906 2202 sit
930 2150 1125 2203 Ecclefia
1145 2151 1398 2216 spiritualis,
1450 2151 1508 2200 de
1531 2167 1624 2215 qua
1650 2166 1703 2197 n:
1736 2145 1876 2212 17069.
1901 2164 2049 2211 5113,
2087 2148 2159 2196 hic
2187 2149 2277 2202 Ec-

286 2215 414 2262 clena
433 2214 669 2278 spiritualis
684 2228 888 2273 externa,
923 2217 1030 2282 quia
1050 2234 1129 2281 per
1147 2218 1292 2267 vitem
1312 2217 1618 2282 praestantem,
1654 2216 1710 2265 de
1726 2231 1816 2279 qua
1835 2231 1951 2276 mox
1969 2214 2150 2272 dicitur,
2187 2214 2276 2279 sig-

286 2282 493 2330 nificatur
518 2281 714 2330 Ecclesia
739 2283 941 2338 interna,;
977 2285 1027 2332 &
1045 2302 1069 2333 a
1095 2284 1420 2346 significatione
1445 2284 1571 2341 asini,
1606 2283 1737 2348 quod
1761 2283 1813 2331 stt
1839 2297 1995 2336 verum
2019 2282 2067 2329 in
2094 2294 2272 2334 natura-

285 2348 335 2403 li,
370 2348 426 2394 de
441 2364 532 2412 qua
552 2365 612 2395 n:
640 2352 762 2410 2781
790 2371 804 2404 ς
840 2349 946 2400 inde
965 2362 1104 2413 patet,
1130 2351 1265 2415 quod·
1278 2367 1357 2415 per
1373 2351 1525 2413 alligat
1539 2350 1596 2399 ad
1614 2350 1758 2398 vitem
1778 2348 1966 2399 asellum
1985 2347 2148 2406 suum,-
2180 2349 2270 2412 fig-

286 2416 495 2462 nificetur
511 2412 776 2476 conjunctio
799 2431 881 2480 per
903 2432 1063 2464 verum
1084 2416 1130 2464 in
1154 2419 1470 2467 naturalicum
1494 2416 1690 2466 Ecclesia
1712 2428 1909 2469 externa.

353 2481 382 2527 6
389 2480 499 2544 376.
539 2480 603 2529 Et
625 2481 680 2528 ad
707 2482 852 2530 vitem
873 2482 1159 2546 praestantem
1184 2482 1334 2533 filiurn
1353 2484 1490 2536 asmae
1508 2483 1620 2542 suae,
1657 2483 1783 2546 quod
1806 2474 2034 2544 significet
2057 2498 2222 2533 verum
2243 2498 2273 2530 e

283 2547 488 2596 rationali
512 2563 595 2611 pro
624 2547 822 2598 Ecclefia
857 2549 1047 2607 interna,
1094 2550 1266 2600 constat
1288 2567 1312 2598 a
1337 2550 1664 2614 significatione
1686 2550 1812 2608 vitis,
1845 2550 1974 2612 quod
1998 2550 2051 2600 fit
2073 2548 2272 2601 Ecclesia

281 2614 539 2676 spiritualis,
591 2614 649 2662 de
667 2629 755 2676 qua
781 2632 836 2663 n:
870 2617 1009 2680 1059.
1037 2619 1186 2679 5r13,
1237 2617 1298 2667 ita
1335 2619 1443 2666 vitis
1479 2615 1694 2681 pr-aestans
1728 2616 1793 2664 est
1817 2616 2018 2673 Ecclesia
2051 2615 2265 2678 ,interum

283 2695 388 2727 nam
414 2680 645 2729 internum
667 2681 877 2733 Ecclesiae
898 2681 961 2730 cst
980 2684 1199 2746 praestans
1219 2696 1317 2747 'prae
1339 2697 1527 2732 externo
1545 2683 1637 2746 ejus
1654 2704 1671 2739 5
1707 2684 1757 2731 &
1778 2697 1837 2731 ex
1861 2682 2267 2746 significationefi-

279 2746 326 2792 lii
361 2747 510 2802 asinae,
547 2746 671 2811 quod
706 2748 952 2804 fitssvcrum
987 2750 1220 2804 rationale,
1278 2751 1335 2797 de
1359 2767 1449 2815 qua
1474 2766 1526 2800 n:
1554 2752 1694 2812 2781.
1768 2749 2021 2799 Externum
2048 2746 2265 2800 Ecclefiae

179 2850 191 2854 a
279 2810 573 2873 distinguitur
590 2813 646 2861 ab
669 2813 853 2862 Interno
875 2813 987 2878 ejus,
1022 2815 1148 2880 quod
1174 2816 1286 2864 illud
1308 2817 1360 2864 fit
1384 2819 1428 2864 in
1454 2815 1663 2873 naturali,
1702 2814 1762 2863 ita
1779 2816 1825 2863 in
1844 2828 2030 2863 externo
2053 2815 2258 2870 homine,

279 2877 368 2924 hoc
388 2891 539 2926 autern
566 2879 610 2925 in
631 2880 856 2939 rationali,
893 2882 955 2929 ita
973 2881 1018 2929 in
1043 2884 1222 2933 interno
1247 2882 1469 2938 homine3
1504 2882 1586 2947 qui
1612 2883 1656 2930 in
1681 2882 1887 2934 Externo
1908 2880 2126 2931 Ecclesiae
2146 2878 2265 2936 sunt,

281 2942 325 2989 in
348 2958 459 2990 vero
482 2945 595 3001 sunt,
632 2959 678 2993 at
700 2948 779 3009 qui
803 2948 847 2994 in
875 2947 1077 3006 Interno,
1135 2949 1179 2996 in
1205 2949 1328 2997 bono
1363 2948 1482 3005 sunt,
1533 2948 1597 2998 illi
1634 2965 1726 2996 non
1758 2947 2108 3010 afficiuntur-ita
2139 2944 2265 2992 bono

276 3008 499 3060 charitatis
535 3013 643 3059 sicut
680 3029 788 3066 vero
819 3013 946 3070 fidei,
998 3015 1045 3062 hi
1074 3028 1229 3064 autern
1267 3016 1528 3064 afficiuntur
1562 3013 1999 3070 bonocharffitatis&
2023 3010 2129 3058 inde
2154 3026 2265 3058 vem

277 3073 420 3148 fidei3
467 3076 512 3124 hi
548 3077 647 3126 sunt
677 3079 758 3144 qui
793 3079 1099 3145 significantur
1131 3098 1215 3148 per
1243 3083 1387 3133 vitem
1425 3082 1735 3148 praestantem,
1787 3080 2033 3130 illi-autem
2066 3076 2144 3142 qui
2177 3092 2262 3141 per

275 3153 436 3192 vitem.

2105 3274 2263 3343 §3'773
