2566 3640
289 237 520 320 ‘4152'
653 225 709 295 G
849 220 915 294 E
1049 202 1335 292 NE
1465 198 1698 290 SsI
1825 213 1893 292 aS.

295 356 623 422 fignificatione
645 356 823 410 cubare,
847 351 976 417 quod
1002 350 1053 399 fit
1076 350 1188 406 vita,
1224 348 1298 396 sed
1324 349 1416 398 vita
1439 348 1653 405 obscura;
1689 351 1740 398 ὅτ
1761 366 1819 399 ex
1843 347 2171 414 significatione
2190 345 2278 411 sar}

295 428 518 480 cinarum,
567 423 694 487 quod
721 422 804 468 fint
825 434 961 483 opera
987 438 1002 471 ·,
1050 417 1174 482 quod
1203 415 1382 463 sarcinae
1408 415 1491 464 s1nt
1514 415 1619 462 talia
1647 431 1803 480 opera,
1854 417 1919 464 est
1940 417 2047 480 quia
2082 431 2173 463 non
2211 430 2272 466 ex

300 491 539 538 affeffione
555 488 723 537 amoris
747 501 853 549 erga
878 484 1141 549 proximum
1164 483 1284 529 bona
1305 480 1493 537 faciunt,
1529 481 1604 528 sed
1626 496 1683 528 ex
1705 482 1942 543 affectione
1964 482 2130 530 amoris
2163 499 2276 549 erga

306 558 384 610 [ες
435 571 571 619 opera
594 570 699 615 quae
720 568 776 599 ex
801 550 928 614 hujus
951 549 1115 595 amoris
1140 547 1380 597 affectione
1418 547 1579 603 fluunt,
1631 547 1735 594 sunt
1770 547 1882 596 ficut
1914 549 2108 606 sarcinae,
2158 565 2275 613 quas

306 624 489 669 viliores
507 620 614 667 asini
641 630 834 682 portant,
882 631 988 663 nam
1013 614 1116 661 sunt
1139 615 1316 666 servitia
1340 615 1456 662 inter
1480 613 1717 661 vilissima:
1765 627 1905 660 omne
1927 615 2050 662 enim
2071 615 2275 675 servum,

305 689 370 735 est
393 703 449 734 ex
473 685 709 732 affefflone
731 683 897 730 amoris
922 682 985 728 sui
1010 682 1060 728 &
1085 680 1261 737 mundi,
1311 696 1364 729 ac
1386 694 1525 726 omne
1547 679 1739 726 liberum
1765 694 1821 727 ex
1845 679 2084 727 affectione
2112 683 2279 732 amoris

309 755 356 800 in
382 752 656 807 Dominum,
709 751 759 798 &
783 764 888 810 erga
912 747 1178 811 proximum
1201 767 1215 801 ;
1264 745 1389 794 causa
1413 745 1494 802 est,
1544 745 1652 808 quia
1677 745 1798 792 illius
1819 745 1985 793 amoris
2009 745 2195 796 affeffio
2211 748 2281 797 in·

307 820 409 866 fluit
431 819 488 865 ab
512 818 700 871 inferno,
737 817 862 878 quod
886 814 1105 861 violenter
1123 813 1314 876 imperat
1335 834 1349 868 3
1384 823 1432 859 at
1454 810 1587 874 hujus
1611 812 1778 860 amoris
1796 810 1979 858 affectio
2000 828 2027 859 a
2052 806 2282 873 Domino,

310 885 409 949 Qi
434 899 523 931 non
549 883 741 947 imperat
766 880 838 928 sed
862 880 1018 928 ducit:
1072 879 1177 926 inde
1200 880 1364 927 iterum
1391 890 1529 941 patet,
1564 878 1688 942 quod
1712 878 1792 941 qui
1816 877 1988 925 bonum
2021 875 2195 927 faciunt
2215 894 2285 928 re-

311 950 636 999 munerationis
658 947 801 1004 causa‚
838 948 920 995 {int
945 947 1120 994 servitia
1140 946 1316 1000 infima,
1370 946 1419 993 δε
1451 944 1635 992 illorum
1660 958 1798 1006 opera
1822 943 2017 991 sarcinae.
2089 943 2179 992 Per
2200 947 2288 992 sar-

308 1019 430 1066 cinas
463 1016 606 1064 fimile
636 1013 908 1076 significatur
939 1012 984 1059 in
1013 1012 1159 1061 Libro
1183 1011 1400 1071 Judicum
1437 1018 1472 1040 “
1497 1011 1717 1072 Principes
1739 1010 1784 1055 in
1813 1008 2037 1071 Jisaschar
2057 1024 2165 1059 cum
2187 1011 2284 1060 De-

308 1085 439 1140 bora,
479 1082 533 1131 {9³
555 1081 778 1145 Jistzschar
802 1079 858 1127 fic
880 1094 984 1126 cum
1009 1078 1193 1134 Baraco,
1229 1077 1275 1124 in
1299 1077 1413 1124 valle
1437 1076 1637 1124 mittetur
1654 1074 1737 1122 sub
1754 1074 1944 1138 pedibus
1965 1074 2079 1136 ejus,
2114 1078 2160 1124 in
2179 1078 2289 1126 clas-

308 1151 429 1198 sibus
447 1149 649 1195 Rubenis
667 1147 823 1210 magni
843 1145 1002 1192 statuta
1017 1143 1196 1192 cordis:
1230 1159 1363 1206 quare
1372 1141 1536 1205 sederes
1550 1144 1662 1191 inter
1672 1140 1888 1204 sarcinas,
1923 1140 1981 1188 ad
2003 1141 2285 1199 audiendum

308 1214 643 1264 exfibilationes
675 1227 870 1277 gregum
888 1210 921 1230 ''
958 1226 1015 1257 v:
1047 1225 1120 1271 15.
1150 1209 1240 1264 16·,
1293 1201 1512 1271 Jisasch'ar
1535 1209 1607 1257 hic
1629 1221 1817 1272 quoque
1848 1222 1945 1270 pro·
1966 1206 2059 1255 illis·
2085 1210 2167 1273 qui
2201 1225 2289 1274 pro

307 1283 521 1345 operibus
543 1278 816 1328 remunerari
833 1277 1014 1332 volunt,
1048 1275 1095 1322 in
1120 1275 1237 1322 valle
1261 1275 1384 1322 mitti
1411 1273 1491 1322 sub
1513 1274 1704 1338 pedibus
1722 1288 1808 1335 pso
1830 1272 1992 1320 servire
2013 1275 2061 1320 in
2085 1274 2289 1333 infimis;

307 1349 459 1397 classes
495 1345 727 1394 Reubenis
762 1358 847 1407 pro
883 1342 970 1391 illis
1007 1341 1160 1406 quiin
1181 1341 1521 1403 cognitionibus
1556 1339 1652 1388 veri
1688 1337 1818 1394 fidei,
1867 1339 1984 1387 inter
2018 1355 2131 1405 quos
2167 1341 2292 1402 sunt,

308 1414 387 1463 sed
415 1415 461 1461 in
485 1413 588 1461 loco
612 1410 724 1460 infra
746 1410 881 1465 illos;
926 1408 1079 1456 audire
1113 1407 1446 1455 exfibilationes
1478 1421 1696 1471 gregum,
1734 1419 1830 1472 pro
1852 1416 2092 1454 contemtu
2116 1407 2176 1456 ab
2199 1407 2289 1456 illis

310 1481 393 1546 qui
418 1481 464 1528 in
489 1481 612 1527 bono
628 1478 854 1527 charitatis
885 1474 1007 1534 sunt,
1057 1473 1141 1539 qui
1165 1473 1265 1522 sunt
1289 1474 1451 1537 greges
1472 1494 1487 1530 ς
1538 1473 1687 1522 sedere
1709 1472 1827 1523 inter
1849 1470 2147 1539 sarcinas'pro
2171 1473 2295 1542 inter!

308 1562 448 1612 opera
475 1544 718 1594 meritoria.
1867 1583 1874 1586 ,
2223 1548 2226 1549 ’

376 1614 523 1678 6391.
562 1611 626 1660 Et
650 1609 825 1659 videbit
853 1609 1060 1675 quietem
1093 1607 1220 1674 quod
1252 1607 1390 1666 bona,
1439 1606 1567 1673 quod
1591 1607 1816 1670 significet
1832 1621 1966 1671 opera
1988 1606 2100 1654 boni
2121 1607 2301 1672 absque

309 1673 674 1729 remuneratione
710 1676 838 1741 quod
863 1677 998 1740 plena
1021 1674 1253 1730 felicitate,
1297 1673 1467 1739 constat
1490 1690 1548 1720 ex
1572 1674 1897 1737 significatione
1928 1673 2113 1737 quietis,
2163 1674 2295 1736 quod

311 1747 400 1794 fint
423 1746 499 1793 illa
522 1760 631 1809 quae
664 1743 766 1790 sunt
795 1743 921 1799 coeli,
972 1756 1022 1788 ac
1058 1741 1123 1787 ita
1160 1756 1266 1803 quae
1289 1740 1335 1786 in
1359 1738 1597 1786 charitatis'
1626 1739 1752 1803 bono
1773 1739 1850 1787 seu
1873 1738 1920 1786 in
1944 1739 2301 1802 operibusvboni‘

309 1811 475 1876 absque
495 1809 866 1864 remuneratione,
900 1807 957 1854 de
973 1822 1064 1869 qua
1084 1806 1288 1871 sequitur
1307 1826 1323 1860 ·,
1359 1807 1410 1854 &
1425 1821 1481 1853 ex
1500 1804 1826 1869 significatione
1843 1804 1969 1870 quod
1992 1805 2129 1864 bona,
2163 1801 2302 1868 'quod

313 1879 367 1926 fit
396 1877 522 1943 quod
558 1875 686 1940 plena
722 1875 809 1922 fint
842 1873 1067 1921 felicitate.
1142 1872 1288 1936 Qod
1307 1872 1436 1936 quies
1455 1870 1538 1918 fint
1561 1886 1696 1935 opera
1718 1872 1827 1919 boni
1850 1870 2019 1934 absque
2039 1886 2298 1924 remunera-

310 1946 456 2000 tione,
491 1942 555 1990 est
574 1941 682 2006 quia
700 1940 829 2004 qui-es
848 1940 920 1987 seu
940 1954 1030 2002 pax
1048 1938 1269 2001 fignificat
1289 1938 1334 1986 in
1354 1939 1567 2001 supremo
1590 1937 1714 1986 sensu
1734 1938 2014 1996 Dominum,
2051 1937 2098 1984 in
2121 1938 2308 2002 respecq

313 2012 414 2058 tivo
449 2009 642 2063 coelum,
693 2022 745 2054 ac
785 2007 846 2053 ita
875 2006 1052 2053 bonum
1085 2005 1214 2069 quod
1236 2003 1300 2052 est
1324 2020 1349 2050 a
1369 2003 1594 2060 Domino,
1648 2004 1904 2053 videatur-n
1922 2021 1938 2050 :
1959 2006 2110 2068 3780.
2145 2005 2242 2065 468
2257 2007 2303 2054 tl

317 2077 473 2138 5662;
497 2077 546 2123 ὅτ
569 2074 674 2138 quia
699 2088 789 2120 non
812 2072 887 2119 alii
913 2073 958 2119 in
980 2072 1066 2127 his,
1090 2087 1200 2135 quae
1225 2070 1535 2134 significantur
1558 2085 1638 2133 per
1659 2070 1860 2135 quietem
1881 2084 2058 2135 pacem,
2084 2069 2158 2118 seu
2175 2070 2298 2130 sunt,

316 2158 456 2207 quarn
481 2143 563 2206 qui
588 2140 690 2187 sun‘t
714 2139 757 2186 in
783 2138 1006 2187 charitatis
1029 2138 1170 2194 bono,
1209 2135 1270 2184 ita'
1301 2137 1346 2183 in
1365 2137 1711 2200 operibus-boni
1730 2136 1898 2201 absque
1915 2136 2297 2199 remuneratione,
2374 2148 2376 2151 ’

316 2208 424 2256 inde
450 2223 531 2271 per
553 2207 760 2271 quietem
785 2205 882 2252 haec
907 2203 1244 2266 fignificantur;
1281 2203 1381 2250 sunt
1402 2202 1527 2250 enim
1553 2201 1653 2250 haec
1674 2201 1995 2267 consequentia
2017 2215 2075 2249 ex
2100 2201 2207 2250 ferie
2229 2199 2315 2250 re-’

317 2291 421 2323 rum
446 2275 492 2320 in
518 2273 642 2320 sensu
676 2272 870 2320 interno,
939 2270 1083 2334 Qod
1119 2269 1263 2333 ipsam
1289 2280 1387 2316 re‘m
1411 2268 1593 2325 attinet,
1639 2269 1719 2333 qui
1751 2269 1868 2316 bona
1890 2267 2062 2316 faciunt
2094 2283 2186 2316 non
2213 2269 2316 2318 nist*

318 2355 460 2405 quam
483 2355 539 2386 ex
563 2340 654 2386 fine
685 2336 1075 2392 remunerationis,
1127 2335 1435 2399 nequicquam
1460 2334 1568 2382 scire
1592 2335 1791 2397 poffunt,
1841 2334 1968 2399 quod
2001 2335 2048 2381 in
2082 2334 2299 2383 faciendis

320 2407 452 2454 bonis
474 2404 638 2470 absque
661 2403 1020 2451 remuneratione
1043 2401 1230 2449 felicitas
1253 2414 1378 2448 tanta
1400 2402 1470 2457 fit,
1505 2399 1620 2447 adeo
1643 2413 1691 2448 ut
1713 2401 1760 2448 id
1787 2401 1841 2448 fit
1862 2399 2047 2449 felicitas
2071 2400 2262 2448 coelestis
2282 2421 2299 2456 ς

322 2472 448 2521 causa
482 2471 563 2528 est,
597 2469 706 2531 quia
740 2468 999 2533 percipiunt
1029 2466 1138 2516 felix
1163 2468 1208 2515 in
1224 2466 1428 2531 jucundo
1449 2466 1616 2523 amoris
1639 2467 1702 2514 sui
1725 2482 1740 2522 ς
1776 2468 1825 2518 ὅτ
1844 2479 2064 2530 quantum
2083 2465 2227 2516 homo
2252 2461 2321 2515 in³

324 2539 414 2586 hoc
435 2545 590 2586 amore
607 2535 867 2600 jucundum
890 2534 1103 2598 percipit,
1139 2545 1319 2582 tanturn
1346 2549 1436 2580 non
1461 2532 1654 2596 percipit
1669 2532 1931 2596 jucundum
1954 2532 2000 2580 in
2026 2532 2181 2581 amore
2207 2529 2303 2581 coe-4

323 2605 440 2661 lesti,
491 2619 600 2651 nam
621 2601 995 2666 opposita-sunu
1033 2600 1144 2648 illud
1170 2602 1294 2647 enim
1312 2597 1590 2662 jucundum,
1644 2599 1771 2661 quod
1804 2597 1905 2646 fluit
1937 2614 1995 2662 ex
2026 2614 2179 2648 amore
2213 2596 2302 2656 suf,

325 2668 506 2735 prorsus
535 2668 782 2732 exstinguit
807 2665 1210 2730 jucundumquod
1231 2666 1294 2714 est
1317 2682 1374 2713 ex
1398 2681 1550 2713 amore
1573 2664 1762 2721 coelesti,
1796 2663 2069 2729 usqueadeo
2091 2677 2142 2714 ut
2200 2664 2302 2713 lane

324 2732 540 2783 nesciatur
570 2734 684 2799 quid
710 2733 969 2798 jucundum
991 2732 1172 2781 coeleste
1195 2733 1264 2788 fit,
1300 2733 1350 2780 &
1372 2732 1403 2779 si
1422 2731 1586 2780 dicitur
1608 2732 1741 2796 quale
1759 2730 1838 2787 est,
1875 2743 1930 2779 ut
1952 2746 2044 2779 non
2074 2745 2145 2778 cre
2182 2741 2298 2786 atur,

325 2804 424 2848 imo
449 2813 639 2864 negetur
659 2817 670 2846 2
707 2801 795 2847 hoe
818 2799 927 2847 scire
950 2798 1111 2847 datum
1135 2798 1198 2847 est
1218 2814 1276 2845 ex
1300 2797 1529 2862 spiritibus
1554 2797 1694 2845 malis'
1709 2798 1753 2844 in
1778 2797 1916 2846 altera
1938 2798 2051 2853 vita,
2086 2795 2166 2861 qui
2188 2811 2298 2844 curn

327 2869 557 2922 vixerunt,
593 2865 706 2913 nihil
730 2867 840 2913 boni
864 2863 1064 2912 fecerunt
1080 2865 1176 2912 aliis
1194 2865 1267 2911 vel
1286 2864 1442 2927 patriae
1459 2863 1568 2919 suae,
1604 2863 1683 2911 nisi
1702 2875 1889 2928 propter
1912 2864 1971 2920 se,
2007 2863 2182 2910 illinon
2206 2877 2301 2909 cre-
2375 2920 2377 2923 ι

329 2932 464 2988 dunt,
499 2931 624 2996 quod
650 2931 834 2996 aliquod
850 2930 1113 2994 jucundum
1130 2929 1223 2977 dari
1242 2941 1379 2994 queat
1403 2931 1447 2976 in
1475 2929 1687 2977 faciendis
1709 2929 1838 2977 bonis
1859 2929 2020 2994 absque
2037 2928 2127 2975 fine
2149 2942 2302 2975 remu-

326 2998 591 3054 nerationIS,
643 3011 806 3061 putant
838 2997 979 3053 enim,
1023 2997 1056 3044 s1
1080 2997 1182 3044 finis
1207 2995 1573 3045 remunerationis
1596 3011 1689 3043 non
1714 2996 1786 3054 fit,
1820 2995 1944 3060 quod
1968 3004 2107 3042 omne
2131 2991 2303 3057 jucund

327 3064 446 3112 dum
471 3063 631 3118 ceffet3
668 3065 717 3111 ὅτ.
741 3064 774 3111 fi
798 3062 884 3111 illis
906 3061 1055 3110 adhuc
1076 3062 1281 3120 dicitur,
1318 3061 1464 3126 quod,
1510 3078 1617 3109 cum
1642 3061 1689 3108 id
1705 3060 1967 3124 jucundum
1990 3059 2139 3117 cessat,
2190 3073 2305 3124 tunc

319 3128 581 3193 jucundum
605 3128 788 3177 coeleste
813 3128 1002 3191 incipiat
1023 3149 1045 3182 ;-
1071 3144 1176 3177 cum
1203 3129 1291 3176 hoc
1316 3127 1524 3185 audiunt,
1560 3126 1915 3190 obstupescun53
1948 3126 1999 3173 &
2021 3125 2173 3175 adhuc
2197 3143 2302 3175 ma·

323 3196 413 3260 gis,
461 3209 570 3245 cum
606 3194 798 3245 audiunt
829 3193 956 3261 quod
981 3192 1244 3261 jucundum
1266 3193 1383 3262 illud
1404 3192 1586 3263 eoeleste
1608 3192 1770 3262 influat
1789 3207 1870 3262 pet
1892 3191 2113 3264 intimum
2146 3191 2301 3267 homi-

2212 3274 2302 3322 nis,

2313 3452 2566 3640 aa)
