2566 3640
486 208 799 284 CAPUT
845 208 1702 298 QUADRAGESIMUM
1750 211 1826 282 Ν
1826 212 2149 285 ONUM.
2207 237 2349 306 455

337 344 552 397 videatur
576 343 705 408 fispra
731 358 759 390 n
780 358 792 390 ε
818 340 968 407 6389.
1038 341 1184 407 Qod
1208 341 1381 392 tributo
1405 339 1585 399 servire,
1623 343 1677 393 fit
1708 342 1933 409 subjer
1955 344 2042 393 esse
2074 347 2127 395 &c
2148 345 2334 404 servire,

334 414 511 466 constat
547 415 672 476 apud
694 408 863 458 Mosen
908 417 943 440 “
965 408 1172 473 Qando
1207 407 1380 470 accedis
1408 409 1469 458 ad
1507 412 1765 481 urbemoad
1800 412 2172 477 oppugnandum
2214 429 2335 470 eam,

332 481 545 531 invitabis
576 493 654 526 eos
686 476 745 526 ad
782 490 974 541 pacem:
1011 474 1089 524 fiat
1106 487 1260 524 autem
1284 476 1319 525 fi
1352 491 1438 540 pro
1459 492 1568 542 pace
1592 477 1875 541 responderit
1895 479 2000 537 tibi,
2034 481 2086 529 ὃν.
2107 480 2331 545 aperuerit

327 548 433 607 tibi,
466 548 520 597 δι·
536 545 615 594 fiet
638 556 689 594 ut
708 544 863 593 omnis
885 542 1087 608 populus
1106 542 1191 608 qui
1214 542 1445 591 invenitur
1467 544 1515 591 in
1537 559 1607 602 ea,
1630 545 1714 605 fiet
1734 545 1813 595 tibi
1832 548 1880 596 in
1902 546 2132 606 tributum,
2167 548 2219 596 δε
2228 549 2330 612 ser-

327 618 450 665 vient
471 611 599 663 tibi”
635 613 798 661 Deut:
833 627 927 660 xx:
973 627 1047 661 10.
1078 628 1153 660 11.
1237 609 1391 674 Apud
1423 610 1677 672 Jeremiam
1728 619 1764 643 “
1795 614 2056 678 Qomodo
2098 614 2326 663 habitavit

327 681 524 732 solitaria
556 679 666 727 urbs
711 693 880 743 magna
913 675 1109 742 populo,
1157 676 1271 725 {aaa
1317 674 1384 724 est
1428 678 1544 727 ficut
1580 679 1740 736 vidua,
1780 696 1948 744 magna
1981 680 2098 730 inter
2144 694 2325 744 gentes,

327 764 424 816 quae
454 748 673 797 dominata
705 745 761 807 est
798 747 846 794 in
882 746 1144 807 provincias,
1169 746 1302 808 faHa
1341 741 1398 794 os}
1429 746 1476 792 in
1511 745 1791 794 tributariam
1802 749 1833 772 ”
1866 746 2061 795 Thren:
2091 767 2108 797 1
2132 765 2145 796 z
2178 766 2220 806 r,
2255 748 2322 795 ibi

325 815 459 884 quod
494 829 576 880 per
597 811 696 862 fieri
738 810 789 860 in
813 811 1055 866 tributum,
1097 811 1149 859 δι
1187 826 1269 877 per
1306 809 1612 869 tributariam,
1642 812 1923 877 ,significetur
1962 813 2144 872 servire,
2179 827 2323 878 patet.

323 881 479 946 Apud
503 879 787 930 Matthaeum
834 885 870 908 ‘⁶
891 876 1023 939 Jesus
1059 875 1204 937 dixit,
1249 875 1365 942 quid
1399 878 1485 927 tibi
1523 879 1704 928 videtur
1735 879 1918 937 Simon,
1954 894 2082 945 reges
2122 892 2255 930 terrae
2291 896 2325 929 a

270 962 273 970 ⁴
323 951 478 1016 quibus
499 948 711 1009 accipiunt
733 943 901 992 tributa
918 951 998 993 aut
1018 942 1196 1006 censicm,
1217 961 1246 993 a
1266 944 1373 993 filiis
1393 945 1479 995 suis
1500 962 1559 995 an
1589 946 1649 995 ab
1683 945 1869 1001 alienis3
1904 946 2054 995 dicitl
2091 946 2124 995 s1
2141 948 2322 1004 Petrus,

324 1017 385 1066 ab
406 1015 594 1069 alienis3
650 1011 717 1060 ait
738 1011 779 1060 ei
793 1010 943 1072 Jesus,
965 1023 1082 1074 ergo
1098 1010 1230 1059 liberi
1253 1011 1354 1059 sunt
1371 1012 1455 1061 filii
1476 1029 1487 1059 :
1522 1028 1685 1062 verum
1704 1029 1760 1061 ne
1784 1013 1923 1062 fimus
1941 1013 1995 1061 iis
2013 1029 2047 1060 o
2085 1014 2319 1073 endiculo‚

320 1081 609 1148 proficiscens
631 1079 690 1127 ad
715 1093 840 1126 mare
863 1077 998 1126 mitte
1022 1078 1235 1136 hamum,
1260 1079 1311 1127 δε
1333 1078 1652 1128 ascendentem
1679 1080 1833 1145 primo
1854 1080 2028 1144 piscem
2052 1079 2180 1138 tolle,
2205 1097 2319 1146 ope—

320 1149 408 1198 rias
437 1163 491 1197 os
511 1145 629 1211 ejus,
656 1144 861 1194 invenies
884 1144 1113 1202 staterem,
1136 1146 1364 1210 accipiens
1385 1146 1444 1194 da
1458 1160 1567 1194 eum
1591 1161 1678 1213 pro
1698 1146 1786 1195 Me
1803 1145 1957 1195 &te”
1976 1162 2109 1194 xvn:
2131 1162 2211 1209 25.
2232 1148 2314 1198 26.

319 1230 403 1280 27,
454 1215 531 1263 hic
569 1227 757 1278 quoque
791 1226 875 1278 per
906 1210 1014 1258 dare
1050 1210 1219 1260 tributa
1246 1224 1327 1262 aut
1362 1212 1568 1271 censum,
1621 1213 1946 1278 intelliguntur
1982 1212 2065 1277 qui
2099 1213 2315 1273 serviunt,

313 1297 454 1346 quare
477 1279 646 1330 dicitur
665 1279 792 1345 quod
813 1277 945 1327 alieni
969 1277 1146 1336 darent,
1181 1279 1233 1328 &
1271 1278 1357 1330 filii
1380 1279 1511 1328 liberi
1534 1279 1688 1338 essent,
1722 1280 1993 1344 alienigenae
2026 1281 2150 1328 enim
2186 1293 2317 1332 erant

314 1348 455 1406 servi,
488 1365 519 1397 n
539 1364 551 1395 ε
581 1362 708 1412 1097
728 1366 744 1403 3
778 1344 907 1412 quod
931 1344 1094 1393 Petrus
1115 1360 1142 1392 e
1166 1348 1281 1395 mari
1306 1346 1485 1396 tolleret
1505 1345 1699 1411 piscem,
1734 1348 1786 1396 δε
1808 1347 1855 1395 in
1873 1362 1950 1394 ore
1972 1344 2066 1410 ejus
2089 1347 2316 1398 inveniret

312 1415 542 1473 staterem,
577 1429 717 1480 quem
740 1413 885 1470 daret,
919 1411 1268 1477 oepraesentabat
1287 1414 1419 1479 quod
1436 1415 1655 1463 infimum
1679 1414 1878 1464 naturale
1901 1413 2033 1479 quod
2054 1413 2313 1475 servitium,

311 1481 408 1532 hoc
440 1482 643 1536 faceret3
678 1480 816 1545 pisces
848 1479 974 1528 enirn
999 1479 1046 1527 id
1069 1481 1269 1529 naturale
1291 1482 1563 1544 fignificant.

383 1550 533 1614 6395.
571 1547 721 1597 Vers:
760 1549 836 1596 16.
860 1563 876 1594 1
889 1561 932 1610 7.
963 1563 982 1594 1
996 1548 1039 1593 8.
1114 1547 1224 1595 Dan
1233 1547 1449 1612 judicabit
1462 1547 1668 1611 populun·
1693 1548 1841 1610 stss‘ffl’
1864 1546 1983 1607 ficut
2005 1563 2092 1596 una
2113 1547 2312 1599 tribuum

311 1615 496 1681 ffiaelis.
567 1614 676 1663 Erit
699 1613 808 1661 Dan
818 1613 994 1677 serpens
1003 1612 1138 1675 fiaeper
1156 1615 1251 1670 via,
1275 1615 1450 1678 serpens
1457 1614 1638 1679 jaculus
1664 1615 1799 1674 super
1824 1615 1979 1677 semita
2001 1613 2194 1664 mordens
2215 1619 2308 1667 cal-

311 1699 457 1733 caneos
480 1683 590 1747 equi,
625 1679 683 1730 &³
717 1678 839 1728 cadet
877 1693 996 1744 eques
1036 1680 1127 1742 ejus
1162 1684 1434 1740 retrorsum.'
1480 1681 1672 1730 Salutem
1703 1690 1825 1729 tuam
1861 1681 2047 1744 exspeti‘o
2087 1683 2306 1744 Jehovah.

306 1751 417 1800 Dan
451 1748 675 1813 fignificat
699 1745 799 1794 illos
822 1747 905 1811 qui
925 1745 972 1792 in
997 1761 1105 1793 vero
1127 1746 1178 1793 δε
1197 1746 1405 1795 nondum
1424 1746 1470 1796 in
1492 1749 1649 1795 bono=
1675 1745 1902 1808 judicabit
1924 1747 2149 1812 populum
2173 1749 2307 1799 suum

305 1817 421 1867 ficut
457 1831 552 1865 una
582 1814 788 1863 tribuum
811 1811 998 1867 Israelis,
1031 1811 1259 1874 fignificat
1296 1813 1428 1877 quod
1466 1828 1616 1862 unum
1653 1813 1711 1862 fit
1746 1829 1806 1862 ex
1846 1816 1964 1862 veris
1989 1817 2035 1862 in
2058 1817 2302 1865 communi

302 1896 414 1951 quae
437 1881 759 1947 repraesentant
781 1879 926 1927 tribus
950 1877 1154 1927 Israelis:
1186 1879 1273 1928 erit
1296 1880 1407 1929 Dan
1429 1878 1612 1945 serpens
1634 1879 1764 1945 super
1785 1880 1875 1938 via,
1910 1880 2134 1945 fignificat
2163 1883 2307 1932 ratio-

302 1949 584 1999 cinationem
606 1963 771 1997 eorum
794 1946 854 1995 de
874 1959 1003 2001 vero,
1038 1946 1145 2011 quia
1167 1962 1261 1996 non
1284 1946 1436 1995 adhuc
1457 1947 1633 1995 bonum
1649 1946 1807 1997 ducit:
1843 1947 2023 2013 serpens
2038 1947 2216 2012 jaculus
2234 1950 2303 1999 su·

302 2029 389 2082 per
411 2016 590 2074 semita,
628 2014 855 2078 fignificat
886 2024 951 2061 ‘ex
974 2027 1087 2061 vero
1125 2012 1184 2061 de
1207 2014 1364 2062 bono:
1404 2014 1622 2063 mordens
1653 2016 1886 2063 calcaneos
1915 2016 2040 2078 equi,
2074 2015 2303 2078 fignificat

302 2083 501 2134 faflacias
533 2098 593 2130 ex
628 2081 789 2130 infima
815 2079 1010 2127 natura:
1054 2079 1106 2129 δε
1127 2079 1262 2129 cadet
1299 2095 1438 2145 eques
1474 2080 1572 2145 ejus
1610 2081 1873 2140 retrorsum,
1915 2081 2138 2145 fignificat
2169 2084 2300 2148 quod

304 2151 415 2199 inde
454 2151 669 2199 receffio:
723 2146 917 2197 salutern
959 2158 1090 2197 tuam
1133 2146 1351 2213 exspe&o
1388 2148 1621 2213 Jehovah,
1669 2147 1891 2213 fignificat
1930 2147 2017 2197 nisi
2058 2150 2299 2199 Dominus

301 2231 335 2267 o
397 2233 444 2266 m
467 2215 595 2265 ferat.
1714 2222 1717 2225 “

333 2233 519 2347 Ρἓ396.
557 2282 686 2340 Dan,
721 2279 849 2347 quod
883 2278 1111 2345 significet
1138 2280 1240 2330 illos
1274 2282 1358 2346 qui
1392 2280 1439 2330 in
1462 2297 1575 2331 vero
1611 2282 1662 2332 δε
1685 2280 1896 2331 nondum
1940 2281 1985 2330 in
2010 2281 2153 2342 bono,
2187 2301 2298 2336 con·

300 2349 385 2398 stat
407 2364 432 2397 a
456 2349 847 2414 repraesentatione
866 2347 1024 2402 Danis,
1057 2348 1184 2412 quod
1206 2348 1261 2397 fit
1283 2349 1461 2397 bonum
1483 2349 1612 2407 vitae,
1653 2350 1713 2398 de
1746 2364 1838 2414 qua
1876 2364 1908 2396 n
1928 2365 1940 2396 z
1964 2364 2113 2413 492¹·
2142 2367 2234 2418 392
2243 2371 2293 2418 3,

299 2416 376 2467 hic
396 2427 550 2465 autem
575 2415 658 2473 ini,
698 2414 780 2480 qui
814 2415 861 2462 in
884 2414 1040 2480 aliquo
1062 2415 1188 2463 bono
1210 2415 1326 2463 vitae
1349 2415 1452 2464 sunt
1471 2433 1531 2466 ex
1555 2433 1683 2475 vero,
1719 2416 1793 2464 sed
1820 2415 2024 2464 nondum
2047 2431 2104 2463 ex
2129 2417 2253 2468 bono
2275 2442 2292 2476 3

301 2499 413 2532 curn
436 2481 627 2530 homine
649 2485 793 2537 enim,
827 2482 909 2547 qui
934 2494 1221 2544 regeneratur
1242 2498 1269 2529 a
1286 2483 1513 2541 Domino,
1548 2485 1610 2531 ita
1627 2484 1672 2531 se
1695 2483 1864 2536 habet3
1899 2482 1972 2529 ille
1996 2483 2203 2547 primum
2224 2487 2292 2535 est

298 2551 347 2598 in
370 2560 482 2598 vero
503 2548 555 2598 &
577 2541 671 2614 non
696 2548 743 2596 in
766 2546 923 2614 aliquo
948 2548 1074 2597 bono
1096 2548 1209 2597 vitae
1230 2563 1287 2595 ex
1310 2564 1438 2606 vero,
1473 2550 1581 2598 dein
1603 2550 1668 2598 est
1685 2550 1740 2598 'in
1769 2549 1896 2596 bono
1931 2550 2046 2597 vitae
2082 2565 2141 2597 ex
2179 2568 2292 2601 vero

298 2616 376 2665 sed
401 2615 610 2665 nondum
634 2629 693 2663 ex
714 2615 854 2672 bono,
889 2614 1058 2679 postea,
1093 2631 1202 2664 curn
1241 2629 1525 2677 regeneratus
1548 2616 1630 2673 est,
1668 2617 1714 2664 in
1749 2615 1875 2664 bono
1897 2616 2012 2664 vitae
2035 2615 2100 2663 est
2123 2633 2181 2667 ex
2205 2620 2289 2667 bo-

291 2699 372 2740 no,
408 2683 460 2731 ὅτ
504 2694 616 2730 tunc
652 2696 835 2738 verum,
867 2697 926 2730 ex
959 2681 1085 2729 bono
1122 2683 1378 2747 appercipit
1415 2684 1466 2731 ὅτ.
1510 2683 1635 2748 apud
1673 2683 1715 2730 se
1754 2682 2063 2746 multiplicat3
2101 2683 2148 2732 hi
2185 2685 2287 2735 sunt

291 2749 457 2814 gradus
478 2748 859 2811 regenerationis:
896 2763 976 2812 per
999 2748 1179 2796 Danem
1205 2750 1529 2813 intelliguntur
1552 2749 1635 2807 illi,
1670 2750 1752 2815 qui
1784 2749 1830 2797 in
1868 2750 1995 2798 bono
2036 2750 2146 2798 vitae
2186 2752 2286 2801 sunt

290 2827 351 2866 ex
374 2832 486 2864 vero
509 2815 582 2863 sed
605 2814 814 2862 nondum
839 2830 896 2863 ex
919 2815 1077 2870 bon03
1112 2816 1287 2864 bonum
1311 2817 1434 2880 apud
1460 2818 1562 2865 illos
1586 2818 1696 2864 latet
1721 2817 1765 2864 in
1790 2831 1900 2863 vero
1922 2816 2010 2863 alte
2044 2817 2197 2866 adhuc
2221 2836 2286 2868 re·

289 2883 549 2939 conditum,
584 2883 635 2930 δι
655 2882 733 2930 dat
756 2880 842 2929 illis
865 2881 1154 2930 affeffionem
1180 2882 1295 2940 veri,
1330 2887 1382 2932 ὅτ
1403 2883 1499 2947 agit
1533 2883 1634 2931 illos
1656 2883 1716 2932 ad
1754 2882 2006 2930 vivendum
2033 2883 2283 2934 secundum

198 2987 201 2990 Α
289 2948 485 2999 rerum:
518 2948 601 3013 qui
626 2947 733 2998 tales
756 2947 875 3006 sunt,
898 2949 946 2996 in
971 2946 1139 3010 Regno
1161 2949 1358 2998 Domini
1383 2950 1503 3007 sunt,
1537 2962 1585 2998 at
1614 2951 1723 3014 quia
1746 2964 1837 2997 non
1877 2965 1935 2997 ex
1975 2949 2099 3000 bono
2135 2965 2283 3014 agunt

290 3015 470 3066 bonum
494 3016 569 3064 sed
594 3030 651 3063 ex
674 3030 800 3072 vero,
833 3015 922 3064 hoc
944 3013 1027 3071 est,
1052 3029 1144 3062 non
1167 3030 1226 3063 ex
1249 3033 1375 3065 novo
1394 3016 1553 3083 aliquo
1576 3016 1831 3065 voluntario
1856 3015 1928 3063 sed
1951 3031 2009 3064 ex
2034 3016 2282 3068 intellefiu-

290 3081 368 3138 ali,
404 3098 457 3132 ac
490 3082 553 3132 ita
576 3098 671 3143 non¹
693 3097 752 3130 ex
773 3097 945 3139 amore,
982 3079 1055 3130 sed
1076 3095 1137 3129 ex
1159 3082 1418 3131 obedientia
1449 3082 1559 3148 quia
1592 3084 1650 3131 ita
1682 3083 1950 3132 mandatum
1990 3083 2072 3141 est,
2110 3083 2280 3141 idcirco

289 3150 407 3197 inter
440 3147 541 3197 illos
577 3151 626 3198 in
659 3151 830 3212 Regno
854 3147 1053 3197 Domini
1075 3147 1181 3197 sunt
1205 3149 1289 3214 qui
1314 3150 1370 3198 in⁴
1396 3151 1549 3215 primo
1588 3151 1663 3198 seu
1687 3149 1856 3198 ultimo
1892 3150 2049 3200 coelo:
2085 3150 2134 3198 hi
2176 3151 2279 3200 sunt

284 3216 372 3287 qui
394 3229 478 3287 per
500 3215 685 3272 Danem
714 3214 1112 3287 repraesentantur,
1146 3231 1255 3286 narn
1294 3216 1343 3267 in
1375 3217 1464 3268 hoc
1489 3217 1765 3284 Prophetico
1789 3214 1960 3270 Israelis
1985 3216 2032 3268 in
2054 3217 2181 3268 sensu
2207 3219 2276 3265 in-

2147 3297 2281 3336 terno
2365 3291 2368 3294 ’

2367 46 2378 74 Ε
