2670 3698
372 257 470 338 ‘16
787 258 843 332 G
982 257 1054 332 E
1183 254 1490 330 ΝΕ
1600 230 2300 333 ³13

387 389 522 439 enim·
539 398 657 439 terra
675 386 876 438 fructum
898 387 1004 446 fert,
1025 386 1179 453 primo
1188 402 1389 451 gramen,
1412 385 1521 435 dein
1528 384 1713 449 spicam,
1746 384 1915 435 deinde
1928 383 2198 452 frumentum
2219 390 2267 441 i'n
2277 387 2370 457 spib
2409 440 2415 445 ,

383 473 463 512 ca·,
498 471 604 504 curn
629 470 783 504 autem
807 455 1059 519 productus
1081 453 1218 502 fuerit
1241 454 1433 511 studius,
1460 453 1611 502 statim
1629 450 1855 501 immittet
1877 451 2055 511 falcem,
2078 457 2187 519 quia
2208 458 2370 508 instit-it

380 522 663 570 meffis”1v:
701 524 777 570 26.
807 536 882 584 27.
909 524 989 570 28.
1018 536 1076 585 29
1100 541 1115 576 ;
1149 535 1344 583 regnum
1371 521 1462 569 Dei
1488 519 1617 583 quod
1645 532 1935 583 comparatur
1956 522 2173 583 gramini,
2209 522 2366 590 spicae,

378 590 430 637 &
452 590 700 644 frumento,
735 588 798 636 est
821 587 992 635 coelum
1016 585 1138 651 apud
1162 586 1402 635 hominem
1426 602 1506 651 per
1527 586 1938 649 regenerationem,
1973 588 2063 652 qui.
2085 587 2211 636 enim
2235 605 2367 654 rege?

377 667 555 702 meratus
579 654 658 710 est,
696 655 741 701 in
768 653 809 701 se
834 653 972 701 habet
994 669 1188 717 regnum
1220 652 1329 710 Dei,
1366 653 1417 701 δε
1440 654 1495 702 fit
1524 652 1570 700 in
1611 652 1811 714 imagine
1832 667 2029 716 regnum
2055 652 2147 702 Dei
2170 652 2244 704 seu
2267 672 2368 706 coe-

377 721 495 775 lum,
531 736 716 783 gramen
741 720 805 767 est
829 720 1034 783 primum
1069 718 1383 776 scientificum,
1417 718 1539 784 spica
1571 718 1636 766 est
1659 718 1764 766 inde
1797 718 2090 768 scientificum
2124 722 2246 780 veri,
2274 721 2386 773 fru-‘

379 800 589 834 mentum
620 786 683 834 est
723 786 828 834 inde
869 787 1060 834 bonurn.
1131 785 1289 833 Etiam
1327 786 1447 848 leges
1486 786 1591 834 latae
1626 783 1677 832 de
1704 784 1946 849 spicilegiis,
1982 785 2128 833 Levit
2146 802 2157 832 ε
2175 798 2292 837 xsx:
2314 807 2365 856 9.

380 853 504 917 Cap:
524 868 655 900 xxm
678 870 687 898 :
710 869 769 900 22
790 869 799 904 ;
822 865 921 898 turn
940 853 997 899 de
1016 852 1219 900 libertate
1236 850 1446 899 avellendi
1457 854 1602 914 spicas
1618 866 1642 898 e
1661 850 1809 913 segete
1829 850 1990 909 socii,”
2027 852 2181 900 Deut:
2197 870 2332 905 xxnl
2347 874 2362 905 ε

380 919 470 966 26:
508 921 557 966 &
581 934 766 982 quoque
788 918 849 965 de
872 933 963 964 non
998 918 1177 965 edendo
1201 933 1335 980 pane,
1359 918 1482 980 spica
1514 917 1633 979 tosta,
1668 931 1751 964 nec
1772 919 1957 975 virente,
1991 931 2236 983 antequam
2261 938 2367 973 mu-

377 1000 460 1031 nus
494 985 583 1033 Dei
616 985 866 1042 attulerint,
904 983 1077 1033 Levit:
1101 998 1236 1031 xxm
1269 1001 1347 1044 14,
1380 983 1760 1049 repraesentabant
1783 984 1889 1032 talia
1917 1000 2023 1050 quae
2055 983 2367 1047 significantur

436 1068 458 1098 r
488 1053 513 1098 s
541 1052 647 1099 icas„-

375 1067 435 1114 pe
446 1069 536 1178 523
548 1135 593 1179 3.
618 1103 832 1180 ⁸Pingues
856 1119 906 1166 ὅτ,
925 1117 1078 1173 bonae‚
1113 1115 1238 1181 quod
1272 1115 1494 1180 significet
1515 1115 1684 1181 quibus
1707 1114 1785 1164 illa
1806 1132 1912 1181 quae
1933 1117 2044 1166 fidei
2064 1119 2116 1168 δε
2136 1118 2368 1174 charitatis

376 1183 642 1246 inapplicari
679 1185 870 1247 possent,
904 1183 1076 1231 constat
1111 1199 1170 1230 ex
1206 1182 1532 1244 significatione
1565 1182 1828 1245 pinguium,
1863 1199 1975 1231 cum
2007 1185 2283 1247 praedicatur
2303 1190 2366 1238 de

376 1250 648 1305 scientificiS,
684 1265 791 1312 quae
828 1266 907 1312 per
940 1248 1088 1294 aristas
1128 1248 1467 1311 significantur„
1493 1247 1622 1311 quod
1659 1247 1746 1294 lint
1779 1249 2062 1310 receptibilia
2090 1251 2202 1299 boni
2234 1248 2366 1314 fidei,

359 1317 570 1379 'proinde
605 1318 773 1380 quibus
797 1316 872 1361 illa
895 1330 1002 1379 qnae
1035 1313 1143 1361 fidei
1180 1314 1447 1379 inapplicari
1472 1313 1670 1377 poffunt,
1706 1312 1945 1362 scientifica
1975 1314 2098 1368 enim
2122 1316 2223 1365 fiint
2245 1322 2365 1381 vasa,

373 1383 432 1429 de
451 1382 614 1446 quibus
636 1398 742 1429 cum
763 1381 1032 1444 praedicatur
1050 1379 1303 1444 pinguedo,
1336 1380 1615 1444 significatur
1637 1379 1848 1443 aptitudo
1867 1381 2116 1444 recipiendi
2133 1383 2235 1431 talla
2257 1379 2371 1452 qhae

349 1462 352 1464 ·
376 1447 479 1495 sunt
502 1448 607 1496 fidei
633 1464 691 1495 ex
712 1448 923 1494 charitate
943 1466 957 1500 ς
997 1448 1047 1494 &
1068 1462 1125 1492 ex
1148 1446 1480 1509 significatione
1501 1446 1743 1502 bonarum,
1777 1460 1885 1494 curn
1911 1446 2181 1509 praedicatur
2201 1451 2259 1499 de
2281 1452 2368 1503 sti-

374 1516 568 1562 entifiois
603 1529 712 1578 quae
746 1530 823 1577 per
860 1514 1010 1561 aristas
1043 1512 1368 1573 significantur,
1391 1511 1530 1577 quod
1570 1511 1658 1564 fint
1688 1510 1964 1575 receptibilia
1988 1514 2097 1564 boni
2119 1509 2374 1580 charitatis,

374 1580 566 1643 proinde
601 1581 768 1644 quibus
804 1578 876 1626 illa
914 1595 1023 1643 quae
1047 1578 1149 1625 sunt
1187 1578 1418 1627 charitatis
1457 1578 1719 1644 inapplicari
1758 1577 1974 1643 poffunt:
2007 1580 2134 1646 quod
2165 1583 2366 1649 pingues

375 1647 580 1710 spernent
602 1646 676 1693 iua
699 1662 809 1710 q-uae
841 1644 944 1693 sunt
983 1644 1109 1703 fidei,
1145 1645 1195 1692 &
1219 1645 1355 1693 bonae
1393 1644 1468 1693 illa
1499 1645 1619 1708 quae'
1647 1647 1751 1691 sunt
1782 1643 2127 1703 ch·aritati's,ſsest
2148 1649 2364 1701 ex'mone

372 1712 526 1760 'ubivis
550 1712 596 1759 in
622 1713 796 1768 Verbo,
831 1712 915 1760 ubi
951 1711 1076 1759 enim
1116 1710 1220 1758 bina
1255 1709 1475 1774 adjectiva
1507 1711 1584 1758 uni
1607 1712 1670 1758 rei
1694 1710 1992 1775 applicantur,
2029 1711 2093 1761 ibi
2115 1730 2265 1765 unum
2289 1718 2364 1767 in·

340 1804 344 1807 -
375 1780 522 1827 volvit
544 1778 630 1827 illa·
645 1794 750 1842 quae
772 1778 877 1826 fidei
904 1778 1028 1833 sunt,
1054 1778 1110 1825 ,δε
1130 1777 1326 1825 alterurn
1349 1777 1426 1825 illa
1448 1793 1557 1843 quae
1583 1776 1828 1844 charitatis,
1866 1778 1916 1826 ὅτ
1938 1778 2028 1849 noc
2046 1793 2238 1845 propter
2256 1799 2373 1836 con·

342 1845 551 1911 —jsugium
576 1845 668 1893 veri
691 1846 742 1893 ὅτ
766 1844 879 1892 boni
898 1844 944 1891 in
967 1843 1162 1905 lingulis.
1180 1844 1341 1902 Verbi,
1379 1860 1431 1892 n:
1459 1846 1709 1908 683.·'793.
1733 1844 1843 1893 801..
1865 1858 2010 1910 2173.
2038 1847 2182 1910 2516.
2211 1865 2363 1916 2712.

342 1939 344 1942 >
375 1917 503 1977 4138
528 1910 559 1959 f.
582 1928 614 1974 ⁴5
627 1930 647 1960 1-
655 1914 712 1973 38
733 1931 748 1966 3
783 1911 911 1975 quod
933 1911 1126 1975 pingues
1145 1910 1403 1974 significent
1423 1909 1498 1958 illa
1520 1925 1633 1976 quae-
1649 1909 1752 1959 sunt
1768 1909 1906 1968 fidei,
1930 1913 1982 1961 δε
2002 1912 2141 1962 bonae
2162 1915 2236 1964 illa
2252 1911 2369 1982 quae

374 1979 478 2027 funt
515 1978 756 2033 charitatis,
792 1977 933 2025 etiam
966 1988 1092 2040 patet
1113 1992 1140 2024 a
1162 1977 1368 2042 paralelis
1400 1971 1819 2042 quae'praecedunt
1848 1977 1907 2026 de
1927 1978 2089 2036 vaccis,
2124 1997 2186 2029 n:
2210 1999 2362 2049 5199·

337 2079 347 2086 .-
364 2061 523 2108 5200.
594 2044 869 2101 Scientifica,
904 2044 1071 2107 quibus
1094 2043 1356 2107 inapplicari
1378 2036 1650 2105 poffunti'lla
1669 2060 1774 2109 quae
1789 2043 1894 2091 sunt
1910 2045 2018 2093 fidei
2042 2046 2362 2109 &charitatig

375 2113 479 2159 sunt
511 2111 740 2175 perplura,
776 2111 886 2157 ficut
907 2112 1067 2158 omnia
1098 2109 1354 2158 Scientifica
1379 2109 1609 2168 Ecclefiae,
1645 2126 1753 2175 quae
1776 2125 1859 2174 per.
1879 2110 2140 2175 AEgyptum
2165 2113 2211 2161 in
2226 2116 2366 2166 bono

375 2178 500 2226 sensu
518 2176 839 2239 significantur,
875 2175 933 2222 de
956 2176 1118 2241 quibus
1140 2192 1194 2223 n:
1216 2191 1366 2242 4749.
1386 2179 1445 2237 48
1457 2194 1531 2237 44.
1552 2176 1698 2240 4964„
1718 2176 1848 2241 4965
1871 2197 1884 2231 ;
1918 2181 2237 2243 consequenter
2251 2197 2363 2243 *om-

333 2277 341 2282 -
375 2245 449 2292 nia
474 2244 708 2293 scientifica
729 2259 838 2306 quae
868 2258 973 2289 vera
995 2242 1512 2306 deCorrespondentiiS,
1547 2243 1605 2291 de
1629 2240 2043 2306 Repraessntativis,
2078 2245 2135 2292 de
2169 2245 2360 2310 Signifi-

332 2334 355 2348 υ
375 2311 549 2369 cativie,
586 2309 642 2355 de
668 2308 871 2364 influxu,
904 2309 963 2356 de
987 2309 1186 2366 Ordine,
1214 2310 1272 2356 de
1296 2304 1661 2372 intelligentia&
1683 2309 1918 2373 sapientia,
1947 2310 2005 2359 de
2026 2310 2369 2375 affeffionibus,

372 2376 647 2424 imo-omnia
668 2391 771 2423 vera
801 2375 1023 2428 interioris
1044 2377 1095 2423 δε
1117 2376 1349 2423 exterioris
1374 2387 1562 2433 naturae,
1597 2389 1700 2426 tarn.
1716 2374 1907 2440 yifibssia
1929 2392 2069 2441 quam
2094 2376 2364 2442 invistbffiai,

372 2443 479 2508 quia
503 2443 603 2489 haec
625 2441 943 2504 corrspondent
965 2441 1083 2488 veris
1105 2440 1421 2504 spiritualibuS.
2315 2446 2321 2450 ’

442 2525 499 2571 52
514 2527 586 2567 14.
623 2507 688 2555 Et
705 2522 806 2554 ecce
825 2506 994 2570 septem
1012 2506 1157 2555 aristae
1173 2509 1376 2570 graciles,
1400 2507 1527 2572 quod
1551 2507 1776 2571 significet
1801 2507 2037 2556 scientifica
2054 2509 2216 2561 nullius
2235 2499 2364 2573 usus,

371 2575 545 2622 constat
562 2590 618 2621 ex
635 2573 958 2634 significatione
981 2573 1230 2630 aristarum,
1255 2573 1380 2639 quod
1398 2575 1483 2622 fint
1506 2572 1764 2630 scientifica,
1784 2574 1842 2622 de
1858 2590 1949 2638 qua
1964 2574 2098 2638 ‘supra
2116 2593 2143 2623 n
2161 2595 2172 2625 ε
2193 2594 2254 2640 52
2269 2572 2320 2629 ia
2336 2602 2362 2636 ς.

372 2644 422 2689 ὅτ
445 2657 502 2688 ex
526 2640 852 2704 significatione
885 2640 1141 2703 gracilium,
1175 2641 1303 2703 quod
1335 2638 1422 2690 fi‘nt
1443 2656 1551 2704 quae
1574 2639 1739 2696 nullius
1761 2639 1896 2696 usus3
1929 2641 2096 2704 gracile
2120 2644 2245 2692 enim
2267 2648 2354 2709 op-
2396 2657 2402 2661 ’

372 2708 561 2771 ponitur
582 2706 736 2769 pleno,
771 2707 822 2754 ὅτ,
841 2705 1031 2769 plenum
1051 2705 1217 2753 dicitur
1238 2708 1285 2753 in
1305 2722 1401 2771 quo
1417 2706 1541 2763 usus,
1560 2705 1632 2753 seu
1651 2699 1778 2770 quo'd
1798 2706 1939 2763 idem,
1975 2707 2020 2754 in
2045 2725 2138 2773 quo
2161 2709 2360 2770 bonum,

372 2789 511 2821 omne
535 2773 657 2819 enim
684 2772 859 2820 bonum
883 2771 947 2818 est
964 2771 1066 2820 usus
1085 2792 1106 2826 3<
1133 2783 1411 2843 quapropter
1435 2771 1600 2834 gracile
1622 2773 1701 2828 est,
1736 2773 1862 2835 quod
1887 2772 2189 2824 nullius-usui..
2257 2776 2355 2826 Sci-

369 2840 551 2887 entifiea
587 2837 753 2886 nullius
778 2837 884 2887 usus
906 2837 1032 2896 sunt,
1065 2853 1174 2901 quae
1205 2854 1297 2886 non
1332 2837 1477 2886 alium
1507 2838 1650 2886 finem
1675 2837 1861 2896 habent,
1895 2854 2039 2906 quam
2068 2839 2264 2902 gloriam
2296 2844 2350 2893 δε

367 2907 668 2970 voluptatem,
704 2903 768 2955 illi
792 2903 902 2951 fines
924 2904 1027 2951 sunt
1048 2903 1215 2951 nullius
1239 2907 1359 2959 usus,
1394 2905 1501 2968 quia
1523 2921 1615 2953 non
1640 2905 1899 2955 conducunt
1920 2904 2149 2968 proximo.

438 2988 495 3031 52
510 2989 580 3032 15.
617 2970 681 3018 Et
704 2969 1023 3027 exustaeeuro,
1058 2970 1187 3034 quod
1226 2969 1448 3032 fignificet
1471 2966 1605 3035 plena
1626 2971 1956 3036 cupiditatum,
1984 2969 2157 3019 constat
2179 2987 2236 3020 ex
2259 2974 2351 3037 fig·-

367 3037 626 3086 nificatione
649 3035 779 3084 exuri⁴
800 3051 932 3093 euro,
961 3036 1087 3100 quod
1112 3035 1167 3083 fit
1194 3038 1402 3084 consumi.
1418 3037 1475 3084 ab
1497 3036 1605 3100 igne
1625 3035 1929 3099 cupiditatum
1947 3057 1970 3092 a
1996 3051 2125 3084 eurus
2148 3038 2272 3087 enirn
2296 3043 2349 3090 δε

366 3106 516 3161 oriens
548 3102 592 3149 in
627 3103 830 3164 genuino·
859 3102 987 3150 sensa
1003 3101 1066 3149 est
1088 3117 1216 3164 amor
1239 3102 1286 3150 in
1311 3102 1590 3159 Dominum,
1623 3103 1673 3150 δε
1695 3117 1824 3150 amor
1845 3116 1950 3163 erga
1973 3102 2266 3165 proximum,
2289 3122 2347 3156 n:

370 3188 485 3220 101.
512 3188 527 3216 1
542 3183 652 3229 250.
678 3183 828 3230 3249..
843 3171 989 3231 3708.
1014 3167 1163 3230 4762,
1201 3166 1306 3217 inde
1328 3170 1375 3216 in
1393 3168 1607 3232 opposito
1629 3165 1699 3215 est'
1710 3183 1841 3217 amor
1864 3167 1930 3217 sui
1948 3169 2146 3216 &amor
2163 3172 2355 3230 mundi,

362 3235 552 3301 proinde
576 3233 952 3301 concupiscentiae
973 3235 1023 3286 &
1045 3233 1476 3301 cupiditates21nam
1493 3233 1567 3285 hae
1589 3233 1692 3285 sunt
1711 3249 1922 3286 amorum
1941 3233 2127 3284 illorum
2149 3237 2257 3350 ,dde
2276 3236 2354 3288 his

2014 3342 2019 3346 .
2067 3316 2168 3367 prae
2203 3316 2351 3368 macru}
