2566 3640
277 196 420 290 '398
628 195 696 280 'G
836 195 908 269 E
1036 197 1128 271 N
1248 193 1516 271 Ε’..ἒ
1601 197 1703 268 Τ
1820 195 1895 268 S.

285 312 456 377 62493
503 326 561 362 ex
600 314 988 379 repraesentatione
1023 313 1208 378 IsraeliS‚
1257 317 1385 382 quod
1420 318 1474 367 fit
1506 317 1684 369 bonum
1726 315 1951 381 spirituale
1982 315 2029 364 in
2054 308 2277 372 naturali','⁴¹

289 373 350 439 de
373 396 466 445 qua
489 379 617 446 supra
639 399 699 430 n:
725 376 852 447 6253
875 401 891 436 ·,
924 381 976 429 &
1005 395 1065 428 ex
1098 382 1428 446 fignificatione
1450 399 1609 447 graves
1632 383 1740 441 effe,
1772 400 1883 432 cum
1917 384 2188 448 praedicatur
2211 383 2269 429 de

289 449 452 505 oculis,
488 448 613 513 quod
637 448 692 497 fit
713 448 974 506 obscurum,
1010 447 1072 497 ita
1087 449 1384 513 apperceptio
1399 450 1606 499 obscura.
1677 450 1822 513 Qod
1847 451 1981 499 Israel
1998 463 2109 500 tunc
2133 448 2270 498 fuerit

292 513 345 562 in
378 513 731 579 apperceptione
766 513 967 572 obscura,
1005 529 1116 564 cum
1151 516 1386 564 benedixit
1414 516 1522 565 filiis
1551 514 1766 580 Josephi,
1797 517 1863 567 est
1883 518 1992 582 quia
2013 517 2060 566 in
2084 519 2176 566 fine
2200 532 2272 564 rev

292 581 657 644 praesentationis
679 593 788 639 erat,
823 594 869 631 at
892 581 939 629 in
973 595 1153 645 genere,
1189 583 1299 648 quia
1323 583 1368 630 id
1393 583 1566 638 bonurn
1584 581 1838 646 spirituale,
1870 584 2001 646 quod
2023 583 2271 649 repraesen-

295 657 423 694 tatur
445 663 528 712 per
549 645 772 706 Israelem,
807 647 873 696 est
897 648 953 711 in,
967 649 1260 714 perceptione
1299 649 1505 707 obscura,
1537 665 1563 699 e
1586 649 1780 699 naturali
1801 648 1929 697 enim
1962 650 2047 708 est,
2073 652 2162 699 ,ubi
2186 651 2278 698 do-'=

297 712 500 761 minatur
532 714 689 762 lumen
721 714 940 774 naturale,
985 732 1078 764 non
1114 728 1267 775 autem
1304 717 1387 771 lux
1419 715 1630 775 coelestis,
1667 717 1716 764 in
1738 732 1832 781 qua
1855 715 1920 763 est
1942 716 2118 764 bonurn
2143 717 2301 782 spiri-x

297 778 421 828 tuale
438 779 489 827 ὅτ
504 781 689 829 coeleste
706 782 833 848 quod
857 798 883 829 e
905 782 1110 831 rationali
1130 805 1147 840 ;
1180 795 1387 832 externus
1405 783 1567 840 hom0,
1601 783 1684 848 qui
1700 784 1844 832 etiam
1862 782 2071 831 naturalis
2092 780 2275 840 dicitur,

300 844 369 892 est
393 845 526 894 talis:
560 863 667 896 cum
691 849 867 898 bonum
904 848 1132 912 spirituale
1164 866 1190 897 e
1226 851 1415 908 naturali
1453 850 1634 907 dicitur,
1683 849 2004 912 intelliguntur
2027 847 2094 896 illi
2117 848 2197 913 qui
2230 850 2281 897 in

298 905 385 958 illo
409 913 532 966 bono
554 915 675 972 sunt,
711 931 879 980 nempe
896 915 962 964 illi
979 917 1062 980 qui
1077 917 1135 964 ab
1151 916 1352 966 Ecclesia
1369 917 1564 973 Domini
1590 916 1806 980 spirituali
1833 917 1948 973 sunt,
1983 929 2120 980 quare
2141 914 2281 962 etiam

298 993 384 1042 per
406 979 615 1028 Israelem
640 981 714 1030 illa
733 982 932 1030 Ecclefia
956 983 1314 1046 repraesentatur,
1349 1000 1404 1031 n:
1425 984 1558 1045 4286
1580 1004 1594 1038 ;
1630 983 1760 1047 quod
1778 982 2049 1047 spirituales,
2073 982 2152 1046 qui
2179 981 2281 1028 sunt

304 1044 389 1109 qui
413 1047 470 1093 ab
486 1063 539 1094 ea
556 1047 769 1106 Ecclesia,
804 1049 950 1098 fintin
968 1048 1157 1098 obscuro
1180 1048 1445 1113 respec‘tive,
1479 1050 1690 1104 videatur
1713 1065 1765 1096 n:
1791 1052 1939 1111 2708.
1963 1062 2111 1111 2715,
2133 1062 2219 1110 271
2234 1047 2280 1096 6.

306 1116 458 1175 2718.
479 1116 624 1178 2831.
645 1118 789 1179 2849.
811 1129 957 1179 2935.
980 1131 1125 1180 2937.
1148 1116 1293 1178 3246.
1312 1119 1461 1180 3833.
1478 1129 1611 1175 4402
1635 1136 1650 1169 3
1686 1115 1736 1165 &
1760 1115 1871 1180 quia
1886 1115 1933 1162 in
1951 1114 2141 1161 obscuro
2160 1114 2282 1172 sunt,

303 1179 443 1241 etiam
464 1196 621 1229 verum
646 1180 771 1244 quod
790 1182 900 1230 fidei
925 1181 1076 1245 primo
1099 1181 1202 1230 loco
1225 1185 1425 1246 ponunt,
1460 1194 1511 1231 ut
1535 1181 1610 1233 hic
1634 1181 1786 1241 Israel,
1821 1180 1947 1244 quod
1973 1180 2286 1244 Ephraimum

306 1246 561 1310 praetulerit
595 1246 863 1297 Menaschi:
897 1247 1029 1297 causa
1053 1249 1180 1312 quod
1217 1249 1464 1313 spirituales
1485 1248 1548 1296 ita
1570 1248 1778 1306 credant,
1806 1249 1871 1297 est
1892 1247 1999 1312 quia
2022 1262 2103 1311 per
2126 1261 2287 1294 verum

308 1312 665 1362 introducuntur
686 1315 743 1365 ad
767 1315 959 1372 bonum,
994 1332 1049 1363 n:
1079 1331 1228 1378 2954,
1279 1317 1475 1367 &cum
1515 1314 1883 1371 introducuntur,
1918 1331 2010 1362 non
2034 1312 2291 1377 percipiunt

307 1379 504 1437 bonum,
539 1382 652 1446 quia
684 1381 837 1430 influit
860 1382 908 1430 in
930 1381 1340 1446 affeCiioneW
1363 1383 1422 1430 ab
1445 1382 1666 1441 interiori,
1705 1381 1882 1430 itarnon
1907 1381 1952 1429 in
1975 1380 2292 1444 apperceptio-

309 1461 420 1494 nem
438 1458 681 1513 antequam
706 1448 954 1512 regenerati
972 1448 1102 1496 sunt:
1140 1449 1247 1496 in'de
1264 1452 1451 1514 quoque
1469 1448 1550 1506 est,
1586 1448 1713 1513 quod
1735 1450 1860 1498 bonav
1876 1447 2103 1496 charitatis
2125 1457 2294 1494 vocent

310 1511 488 1561 fruetus
511 1514 639 1571 fidei,
673 1514 724 1563 &
748 1528 902 1564 tamen
925 1514 985 1563 de
1001 1497 1221 1575 frustissus
1239 1532 1401 1580 parum
1425 1515 1604 1564 solliciti
1621 1515 1725 1566 sunt
1742 1514 1809 1562 illi
1832 1514 1915 1578 qui
1939 1514 2140 1562 statuunt
2161 1511 2293 1577 quod

309 1579 403 1628 sola
427 1581 540 1643 fides
563 1580 699 1629 salvet
716 1581 884 1645 absque
900 1581 1033 1628 bonis
1046 1581 1283 1646 {metibus-³,
1318 1582 1372 1638 ,δι’
1387 1582 1476 1629 hoc
1494 1582 1540 1636 in
1558 1581 1720 1630 ultima
1743 1580 1907 1631 mortis
1930 1579 2042 1628 hora
2057 1584 2296 1643 utcunque

312 1646 461 1695 homo
497 1658 629 1697 antea
662 1647 873 1703 vixerat;
908 1647 1036 1711 quod
1071 1648 1172 1695 haec
1207 1648 1391 1706 obscura
1413 1649 1706 1711 apperceptio
1739 1647 1797 1694 de
1832 1645 1956 1694 bono
1989 1646 2041 1694 δε
2072 1660 2183 1693 vero
2220 1645 2296 1702 fit,

312 1711 511 1761 canstare
534 1713 697 1779 potest.
766 1714 855 1762 Sed
893 1713 1034 1778 usque
1056 1729 1124 1761 res
1157 1714 1221 1762 ita
1245 1715 1287 1763 se
1310 1714 1462 1772 habet,
1497 1713 1579 1776 qui
1605 1722 1883 1776 praeponunt
1914 1712 2058 1760 fidem
2092 1711 2298 1759 charitati

316 1795 376 1826 ex
399 1780 634 1844 principiis
657 1797 683 1829 a
706 1779 926 1836 doctrina,
964 1781 1015 1828 &
1039 1780 1181 1844 usque
1211 1781 1355 1829 vitam
1390 1779 1616 1831 charitatis
1654 1780 1839 1837 vivunt,
1881 1778 2007 1843 quod
2032 1778 2119 1826 sint
2141 1776 2222 1841 qui
2241 1776 2300 1825 ab

319 1845 520 1895 Ecclefia
554 1846 749 1914 Domini
780 1845 996 1911 spirituali
1037 1845 1151 1902 sunt,
1187 1848 1238 1895 &
1276 1847 1518 1904 salvantur,
1566 1861 1675 1902 nam
1709 1846 1805 1896 vita
1838 1845 2089 1911 praeferunt
2123 1843 2297 1893 bonum

318 1913 562 1971 charitatis,
599 1913 673 1970 sed
695 1912 900 1962 doctrina
920 1927 1084 1960 verum
1108 1911 1232 1962 fidei.
1610 1924 1613 1928 “
1717 1939 1719 1941 ·
2034 1935 2036 1937 ’

353 1987 357 1993 ’
390 1979 536 2042 6257.
574 1979 679 2027 Prae
703 1978 944 2035 senectute,
979 1975 1105 2045 quod
1129 1979 1355 2041 fignificet
1379 1979 1490 2044 quia
1525 1980 1572 2038 in
1608 1979 1702 2026 fine
1725 1976 2150 2042 repraesentationis,
2190 1992 2302 2025 con-

318 2044 406 2093 stat
426 2063 486 2095 ex
509 2045 836 2110 significatione
859 2044 1114 2103 senectutis,
1149 2046 1278 2111 quod
1302 2047 1357 2094 fit
1382 2061 1557 2102 novum
1581 2045 2005 2110 repraesentationis,
2041 2045 2100 2092 de
2122 2059 2212 2108 qua
2234 2060 2265 2091 n
2285 2059 2300 2091 ε

319 2127 472 2178 3254,
506 2113 568 2161 ita
591 2113 695 2161 finis
718 2113 899 2177 prioriS.
2299 2119 2303 2156 ζ

395 2181 454 2228 62
464 2182 544 2242 58.
579 2179 692 2227 Non
728 2178 886 2244 potuit
920 2177 1093 2237 videre,
1127 2179 1258 2243 quod
1293 2178 1517 2241 significet
1555 2193 1651 2235 non
1689 2177 2163 2235 animadvertendam,
2197 2192 2310 2225 con·

324 2245 411 2294 stat
439 2261 497 2294 ex
521 2245 849 2309 significatione
885 2244 1063 2303 videre,
1103 2246 1234 2310 quod
1266 2245 1326 2300 ,fit
1347 2246 1663 2311 apperceptio,
1696 2245 1756 2297 de
1777 2261 1868 2311 qua
1891 2245 2024 2310 supra
2041 2245 2045 2249 ’
2062 2261 2126 2294 n:
2153 2244 2303 2308 6249,

325 2312 393 2361 ita
415 2328 603 2378 quoque
625 2311 1043 2362 animadvertentia.

393 2380 544 2444 6259.
581 2377 646 2426 Et'
666 2375 878 2428 accedere
910 2376 1018 2426 fecit
1056 2376 1158 2426 illos
1180 2378 1240 2441 ad
1277 2395 1405 2436 eum,
1441 2379 1568 2445 quod
1594 2378 1819 2442 significet
1855 2376 2162 2442 praesentiam,
2196 2391 2308 2439 con-g

331 2444 419 2494 stat
451 2461 509 2494 ex
542 2443 876 2509 significatione
905 2442 1110 2492 accedere
1133 2443 1297 2503 facere,
1334 2447 1462 2510 quod
1487 2447 1539 2494 fit
1563 2445 1836 2510 praesentem
1859 2444 2023 2493 sistere.

404 2512 464 2560 62
474 2513 552 2563 60.
591 2511 656 2560 Et
678 2510 921 2560 oscultatus
945 2510 1064 2568 illos,
1099 2511 1227 2575 quod
1253 2512 1479 2574 significet
1495 2511 1870 2576 conjunctionem
1886 2526 1943 2563 ex
1966 2509 2208 2560 affectione
2231 2525 2315 2558 ve·-

335 2578 392 2636 ri,
428 2578 602 2626 constat
624 2593 682 2626 ex
715 2575 1043 2639 fignificatione
1067 2578 1274 2640 osculari,
1310 2579 1436 2642 quod
1479 2579 1533 2629 fit
1566 2578 1831 2643 conjunffio
1865 2593 1923 2630 ex
1958 2577 2215 2635 affefiione,
2250 2576 2310 2623 de

337 2644 431 2708 qua
464 2662 521 2693 n:
545 2654 690 2709 3573.
718 2658 861 2707 3574.
886 2658 1036 2705 4215.
1060 2660 1206 2708 4353.
1243 2661 1406 2710 5929·,
1442 2645 1568 2709 quod
1606 2646 1660 2697 fit
1697 2645 1940 2699 affeffione
1962 2645 2081 2701 veri,
2117 2643 2180 2691 est
2201 2641 2309 2707 quia

339 2704 556 2775 sequitur,
583 2710 976 2776 quodamplexus
999 2710 1115 2768 illos,
1152 2726 1233 2774 per
1255 2713 1384 2776 quod
1410 2712 1688 2774 significatur
1708 2709 2050 2774 conjunc-”tioex
2070 2708 2311 2759 affefflone

339 2772 469 2834 boni,
505 2794 610 2825 narn
635 2774 850 2839 ampleffi
875 2775 939 2823 est
970 2774 1156 2825 interior
1194 2778 1246 2826 &
1269 2779 1375 2826 inde
1398 2779 1563 2828 arCtior
1585 2778 1768 2833 affectio
1785 2795 1928 2844 quam
1966 2774 2164 2832 osculari,
2200 2774 2313 2824 ficut

334 2834 402 2893 e‘st
424 2844 606 2892 affeffio
628 2843 739 2892 boni
761 2858 899 2908 quam
923 2841 1106 2891 affeEtio
1128 2843 1238 2892 veri.

412 2911 556 2959 6261.
595 2910 660 2959 Et
696 2910 932 2973 amplexus
972 2909 1090 2967 illos,
1129 2910 1257 2974 quod
1297 2911 1521 2975 fignificet
1558 2911 1931 2976 conjunctionem
1975 2923 2033 2959 ex
2070 2905 2319 2959 affeetione

344 2975 472 3032 boni,
508 2976 677 3024 constat
699 2992 756 3024 ex
781 2975 1108 3040 significatione
1130 2978 1368 3041 ampleffi,
1403 2979 1533 3044 quod
1564 2980 1619 3027 fit
1641 2979 1809 3027 amoris
1831 2971 2111 3038 conjunffio,
2144 2973 2203 3023 de
2225 2991 2330 3039 qua»

343 3057 408 3091 n:
429 3057 487 3103 43
497 3057 523 3102 5
536 3060 577 3098 ι,
614 3042 673 3090 ita
695 3041 956 3105 conjunctio
987 3058 1048 3090 ex
1069 3041 1310 3091 affeffione
1341 3045 1471 3103 boni,
1507 3045 1717 3102 videatur
1756 3058 1867 3096 mox
1887 3041 2040 3105 ,supra
2070 3058 2099 3090 n
2121 3058 2132 3088 :
2156 3040 2315 3091 6260:

337 3107 473 3170 quod
495 3107 709 3169 amplecti
733 3109 787 3156 fit
819 3107 894 3156 illa
927 3107 1128 3165 affectiO,
1163 3104 1290 3174 patet
1326 3111 1565 3171 manifeste
1602 3128 1662 3167 ex
1687 3109 1995 3161 testificatione
2034 3106 2320 3171 amoris'per

338 3173 752 3242 amplexationeQ
787 3174 851 3227 est
871 3173 1150 3245 amplexatio
1171 3189 1297 3238 actus
1319 3177 1399 3243 qui
1424 3177 1528 3240 fluit
1550 3177 1692 3246 inde5
1725 3176 1860 3241 habet
1900 3176 2026 3242 enini
2063 3174 2232 3289 omnip„
2253 3171 2320 3246 af-

658 3247 663 3254 ·
719 3247 722 3250 ’
865 3262 867 3265 ·
963 3259 970 3263 ·
1468 3248 1472 3252 ”
2208 3252 2323 3291 ectio
