2606 3646
12 0 38 25 '3
63 0 351 72 WJW*
368 0 478 39 ‘'iss-ij
658 0 894 55 2”}1,⁷.(1}⁴1⁴'2J524
949 0 1006 48 ’λ’
1032 18 1057 29 ⁴·
1094 0 1196 46 “331³ss

321 177 634 251 CAPUT.
669 144 1524 262 QUADRAGESIMUM'
1566 174 2055 262 QUINTUM.
2107 202 2244 262 255

263 309 408 372 5760.
431 321 590 371 57993
627 304 747 352 Vera
771 306 851 361 ibi,
886 305 937 352 &
961 306 1106 367 iplum
1136 306 1332 351 nxzuraln:
1361 307 1432 352 {eu
1465 306 1555 367 ipse
1583 304 1793 351 naturalis
1821 305 1980 359 homO,
2020 323 2164 354 unum
2202 324 2246 351 a·

262 388 417 438 gunt,
441 387 547 428 nam
571 371 798 419 vera-sunt
813 383 1048 428 contenta,
1084 372 1134 419 δε
1169 371 1367 420 natural-t
1414 372 1650 419 continens
1671 392 1684 425 ς
1722 387 1995 435 quapropter
2032 373 2078 419 in
2120 373 2245 423 sensu

261 443 439 490 interno
463 437 564 502 jam
594 435 833 495 continens
852 438 1145 499 fignificatur,
1173 438 1270 502 jam
1296 451 1582 500 con-tentum,
1622 438 1869 484 secunffium
1892 439 2050 486 seriem
2077 456 2241 487 rerum.

261 507 405 572 Qod
430 505 515 553 filii
534 505 697 567 Jacobi
712 503 791 562 hic
815 504 1135 566 repraesentent
1155 506 1380 553 Naturale
1407 520 1596 560 novum,
1634 505 1695 551 est
1715 505 1820 567 quia
1847 505 1891 550 in
1919 504 2040 552 sensu
2068 506 2246 553 interno

260 576 333 623 hic
348 571 611 620 describitur
628 573 754 619 actus
776 570 1131 635 conjunctionis,
1172 573 1248 636 qui
1268 572 1331 618 est
1350 571 1597 619 secundum
1619 572 1693 618 iila
1715 572 1758 617 in
1782 588 1942 634 genere
1962 589 2068 636 quae
2095 574 2137 620 in
2163 589 2238 620 ex.

258 639 500 706 plicatione
516 639 773 696 communi,
804 637 933 700 Quod
948 654 1114 702 nempe
1132 654 1239 686 cum
1258 638 1518 701 conjunctio
1537 637 1685 685 existit
1705 638 1873 685 Interni
1890 654 1994 684 curn
2017 638 2242 695 Exterizo,

260 708 334 756 seu
352 706 468 753 Boni
486 721 593 753 cum
615 706 756 760 Vero,
792 705 1000 768 primum
1017 703 1153 751 detur
1177 700 1359 752 facultas
1392 705 1693 769 perceptionis
1710 705 1836 768 quod
1865 705 2006 751 homo
2026 706 2245 754 afficiatur

258 789 372 822 vero
390 774 440 820 δε
467 771 526 820 fic
556 773 695 827 benc,
731 773 783 819 ὅτ
798 771 927 835 quod
944 784 1052 825 tunc
1069 772 1326 819 commotio
1342 771 1581 825 sentiatur;
1617 771 1722 818 dein
1742 771 1867 835 quod
1889 773 2245 823 communicatio

258 841 393 888 detur
407 838 597 901 interior
615 853 695 902 per
712 837 954 892 infinitum,
989 839 1040 886 δε
1063 838 1122 884 fic
1147 853 1314 900 porro:
1347 853 1404 885 ex
1429 837 1497 884 his
1518 850 1659 899 patet,
1697 837 1824 901 quod
1843 837 2075 894 Naturale,
2113 839 2243 903 quod

258 907 345 955 filii
368 906 527 968 Jacobi
552 905 628 952 hic
650 904 983 968 repraesentant,
1037 903 1089 951 fit
1111 903 1333 952 Naturale
1358 919 1555 962 novum,
1590 920 1697 952 nam
1724 903 1857 953 status
1881 903 1974 968 ejus
1998 906 2125 969 prior
2145 923 2245 955 mu·

262 987 380 1023 tatus
401 972 483 1030 est,
520 988 582 1019 n:
609 970 701 1034 5'88
717 986 757 1017 1.

326 1042 472 1103 5883.
508 1038 730 1087 Accedite
751 1035 911 1102 quaeso
934 1036 989 1084 ad
1009 1051 1104 1095 me,
1139 1036 1265 1102 quod
1290 1036 1514 1100 fignificet
1527 1036 1941 1086 comunicationem
1961 1037 2248 1096 interiorem,

255 1106 430 1156 constat
451 1123 478 1154 a
500 1104 831 1168 fignificatione
853 1103 1079 1160 accedere,
1123 1104 1251 1170 quod
1276 1105 1328 1153 fit
1351 1104 1692 1152 communicare
1716 1105 1946 1168 propriuS,
1987 1106 2113 1169 quod
2137 1122 2246 1153 cum

258 1174 536 1240 praedicatur
565 1173 624 1220 de
657 1171 868 1219 Externo
899 1170 1150 1234 respective
1180 1171 1236 1218 ad
1271 1170 1526 1227 Internum,
1582 1170 1648 1219 est
1676 1173 2013 1219 communicare
2044 1173 2246 1222 interius·

263 1241 414 1308 Quod
438 1236 800 1288 communicatio
820 1251 930 1285 cum
953 1236 1166 1286 Naturali
1189 1236 1266 1285 seu
1293 1237 1501 1286 Externo
1524 1237 1729 1293 homine,
1771 1238 1824 1286 sit
1848 1238 2033 1285 interior
2050 1240 2100 1286 ὅτ
2124 1253 2250 1286 exte-

262 1309 371 1365 rior,
408 1308 552 1355 homo
573 1305 728 1362 nescit,
761 1319 820 1352 ex
835 1303 963 1352 causa
985 1305 1094 1370 quia
1115 1304 1285 1352 nullam
1309 1303 1458 1352 ideam
1483 1304 1563 1352 fibi
1589 1303 1867 1352 formaverat
1881 1307 1938 1352 de
1955 1304 2140 1352 Interno
2164 1307 2248 1353 ho-

217 1388 232 1402 ·
249 1375 391 1424 ·mine
409 1374 460 1422 δι’
477 1372 568 1438 ejus
585 1371 793 1419 distincta
811 1371 906 1418 vita
922 1386 947 1417 a
965 1370 1271 1420 vita‘Externi
1290 1370 1490 1420 hominis
1510 1392 1526 1425 ς
1560 1369 1617 1416 de
1633 1370 1817 1419 Interno
1834 1388 1923 1420 non
1942 1371 2076 1421 aliam
2096 1371 2245 1421 ideam

260 1442 399 1490 habet
419 1441 578 1494 homo,
596 1454 736 1504 quam
756 1437 883 1503 quod
903 1436 1032 1485 intus
1053 1437 1122 1494 fit,
1142 1436 1320 1502 prorsus
1338 1453 1428 1486 non
1448 1436 1708 1486 distinctam
1728 1438 1786 1485 ab
1798 1438 2021 1495 Externo,
2057 1453 2162 1486 cum
2186 1453 2251 1488 ta-

264 1523 373 1558 men
405 1507 467 1555 ita
499 1505 712 1553 distincta
745 1504 866 1561 sunt,
902 1515 957 1552 ut
978 1503 1214 1552 Internum
1232 1506 1367 1569 poffit
1390 1502 1575 1569 separari
1598 1504 1654 1552 ab
1671 1503 1894 1562 Externo,
1930 1506 1980 1553 ὅτ
2000 1506 2156 1553 vivere
2179 1506 2249 1553 vi-

246 1587 360 1624 -tam
374 1589 518 1640 quam
558 1572 681 1637 prius
700 1570 774 1618 sed
799 1570 1034 1635 puriorem
1054 1591 1067 1626 ;
1102 1571 1233 1636 quod
1255 1572 1392 1619 etiam
1415 1569 1649 1619 actualiter
1667 1571 1720 1620 fit
1736 1586 1844 1619 cum
1874 1573 2063 1620 moritur
2087 1572 2248 1633 homo,

247 1653 373 1690 -tunc
396 1640 634 1690 Internum
658 1638 879 1702 separatur
894 1638 956 1685 ab
972 1637 1196 1694 Extern0,
1232 1638 1282 1688 ὅτ
1303 1638 1558 1694 Internum,
1594 1637 1723 1703 quod
1748 1637 1869 1685 vivit
1889 1638 1994 1703 post
2018 1639 2253 1703 separatio-

264 1711 391 1765 nem,
426 1707 489 1756 est
511 1707 641 1771 quod
668 1718 776 1753 tunc
795 1715 985 1753 vocatur
1006 1705 1219 1769 Spiritu5‚
1257 1705 1331 1752 sed
1351 1704 1415 1752 est
1439 1705 1533 1769 ipse
1557 1704 1705 1753 homo
1727 1704 1806 1770 qui
1831 1707 1951 1754 vixit
1973 1707 2020 1754 in
2043 1723 2251 1772 corpore,

263 1778 316 1826 δε
332 1790 516 1841 quoque
533 1785 722 1837 apparet
738 1771 819 1820 fibi
839 1772 890 1820 ἃ
911 1771 1009 1818 aliis
1027 1770 1072 1819 in
1096 1772 1236 1819 altera
1259 1772 1356 1818 vita
1379 1772 1491 1820 sicut
1513 1771 1659 1820 homo
1683 1771 1727 1820 in
1753 1773 1951 1830 mundo,
1987 1789 2095 1821 cum
2119 1776 2252 1822 omni

263 1842 359 1907 ejus
378 1841 524 1889 forma
538 1857 564 1887 a
581 1840 745 1903 Capite
759 1839 814 1886 ad
831 1838 1001 1887 calcem
1021 1858 1035 1892 ;
1059 1839 1109 1887 δε
1126 1853 1310 1904 quoque
1326 1837 1486 1887 iisdem
1504 1838 1798 1888 facultatibus
1814 1840 1877 1887 est
1895 1840 2126 1904 praedituS,
2146 1841 2252 1906 qui-

265 1911 351 1958 bus
369 1908 514 1956 homo
537 1907 582 1954 in
601 1905 796 1963 mundo,
830 1921 998 1969 nempe
1021 1903 1238 1952 sentiendi
1263 1921 1371 1952 cum
1396 1906 1618 1970 tangitur,
1653 1905 1893 1963 odorandi,
1929 1906 2137 1964 videndi,
2171 1923 2252 1956 au-

246 1974 444 2032 .diendi,
469 1973 706 2038 loquendi,
739 1972 976 2035 cogitandi
994 1971 1141 2037 ,isque
1159 1971 1294 2028 adm,
1332 1985 1385 2020 ut
1415 1988 1525 2020 cum
1550 1988 1642 2021 non
1667 1972 1858 2021 reflectit
1881 1974 2014 2038 super
2038 1974 2084 2021 id
2120 1975 2252 2039 quod

268 2045 316 2092 in
340 2043 477 2091 altera
499 2043 595 2089 vita
618 2039 689 2097 fit,
725 2051 861 2104 putet
896 2038 1024 2105 quod
1051 2039 1097 2086 in
1121 2038 1201 2088 suo
1224 2054 1415 2104 corpore
1441 2039 1484 2099 in
1510 2038 1688 2087 mundo
1708 2039 1781 2095 fit,
1815 2044 1940 2103 quod
1972 2057 1996 2088 a
2022 2041 2254 2105 spiritibus

267 2109 509 2176 aliquoties
531 2107 683 2156 audivi
707 2106 906 2156 dictum.
965 2105 1138 2153 Exhis
1160 2118 1302 2170 patet,
1338 2105 1452 2170 quid
1471 2105 1713 2154 Internum
1735 2107 1787 2155 δε
1811 2107 2071 2156 Externum
2097 2107 2251 2157 homi·

269 2178 371 2233 nis·,
406 2175 436 2223 si
461 2175 567 2231 inde
589 2175 795 2238 capiatur
825 2173 925 2220 idea
948 2171 1006 2219 de
1031 2172 1138 2231 illis,
1174 2173 1459 2239 aliquantum
1495 2173 1681 2221 clariora
1715 2174 1927 2231 evadent,
1962 2189 2071 2240 quae
2093 2176 2152 2223 de
2175 2175 2255 2223 In·

269 2259 402 2293 terno
423 2243 473 2292 δι
498 2241 706 2291 Externo
730 2239 920 2288 homine
944 2251 1037 2286 tam
1062 2238 1181 2304 saepe
1206 2239 1252 2287 in
1276 2239 1655 2304 explicationibus
1678 2239 1803 2288 dicta
1842 2240 1961 2299 sunt,
2000 2254 2101 2289 tum
2136 2257 2253 2305 quo·

268 2326 360 2378 que
381 2309 495 2375 quid
520 2309 791 2371 intelligitur
813 2323 895 2371 per
916 2306 1389 2356 communicationem
1427 2307 1713 2366 interiorem,
1747 2323 1856 2373 quae
1878 2308 1953 2357 hic
1973 2308 2252 2371 significatur

264 2395 346 2445 per
373 2375 571 2425 accedite
593 2375 748 2441 quaeso
766 2375 827 2423 ad
851 2391 941 2423 me.

345 2447 489 2505 5884.
527 2443 592 2490 Et
617 2441 908 2500 accesserunt,
944 2443 1072 2509 quod
1095 2442 1322 2506 significet
1343 2441 1580 2500 effectum,
1614 2457 1783 2508 nempe
1822 2441 1949 2507 quod
1989 2441 2253 2491 commun-i-

269 2512 390 2561 catio
414 2510 600 2558 interior
621 2508 755 2566 fasta,
788 2509 965 2558 constat
985 2511 1152 2576 absque
1175 2511 1496 2574 explicatione.

343 2580 490 2641 5885.
529 2575 594 2626 Et
615 2575 754 2633 dixit,
789 2590 882 2638 ego
903 2576 1075 2642 Joseph
1101 2576 1237 2624 frater
1260 2578 1420 2632 vester,
1435 2576 1561 2641 quod
1590 2576 1812 2638 significet
1836 2574 2250 2624 manifestationem

271 2662 355 2713 per
374 2644 622 2701 infinitum,
655 2641 826 2692 constat
848 2659 906 2691 ex
933 2644 1259 2706 significatione
1281 2644 1434 2691 dicere
1457 2659 1549 2705 ego
1571 2643 1742 2707 Joseph
1766 2642 1906 2690 frater>
1923 2642 2086 2698 v:ster,
2122 2642 2251 2706 quod

276 2715 330 2764 fit
370 2708 693 2766 manifestatio,
728 2721 782 2757 ut
804 2708 934 2774 supra
957 2727 1019 2759 n:
1046 2713 1172 2776 5878
1194 2731 1212 2766 ·‚
1249 2711 1376 2775 quod
1416 2725 1496 2774 per
1531 2709 1758 2758 influxum
1796 2709 2013 2774 sequitur,
2049 2709 2154 2773 quia
2181 2708 2256 2756 In·

276 2794 458 2830 ternum
484 2792 576 2824 non
600 2776 729 2824 aliter
750 2774 844 2839 agit
868 2776 914 2824 in
943 2777 1224 2835 Externum,
1260 2780 1310 2826 &
1351 2793 1469 2825 nunc
1505 2779 1654 2839 magis
1677 2794 1781 2825 cum
1808 2775 2164 2824 communicatio
2189 2778 2257 2822 in·

275 2848 414 2897 terior
435 2844 569 2902 facta,
604 2859 663 2891 n:
688 2845 781 2908 588
791 2858 854 2904 33
889 2843 953 2891 est
975 2843 1280 2892 manifestatio
1303 2860 1384 2908 per
1406 2843 1658 2900 influxum,
1693 2844 1843 2908 quoad
1866 2843 2057 2898 bonum,
2092 2857 2255 2905 apper-

275 2914 432 2980 ceptio
454 2910 550 2975 ejus
572 2926 653 2976 per
674 2908 966 2960 affectionem
988 2910 1099 2960 Veri
1124 2911 1174 2959 &
1195 2909 1260 2959 est
1282 2910 1492 2968 charitaS,
1526 2923 1573 2959 at
1595 2910 1748 2976 quoad
1772 2926 1958 2967 verum,
1994 2910 2058 2958 est
2083 2908 2262 2973 agnitio

304 2979 370 3030 ‘us
386 2981 437 3030 δι
454 2978 586 3028 fides.
710 3016 714 3021 .
1504 2978 1506 2980 ’

274 2997 319 3050 ‘q
349 3046 494 3107 5886.
532 3046 687 3110 Qem
725 3043 947 3094 vendistis
984 3059 1062 3093 me
1096 3044 1384 3108 AEgyptum‚
1418 3044 1549 3111 quod
1593 3043 1820 3107 fignificet
1856 3042 2089 3094 Internum
2135 3045 2264 3111 quod

279 3112 649 3169 abalienaverint,
681 3111 855 3160 constat
872 3126 897 3159 a
914 3110 1309 3176 repraesentatione
1331 3111 1547 3176 Josephi,
1576 3111 1656 3177 qui
1681 3110 1746 3158 est
1767 3124 1910 3175 quem
1939 3113 2267 3171 vendiderunt,

281 3178 413 3245 quod
435 3179 488 3230 fit
511 3179 769 3240 Internum,
804 3178 862 3233 de
885 3194 979 3247 qua
1016 3194 1078 3230 n:
1105 3181 1253 3245 5805.
1280 3179 1428 3244 5826.
1455 3182 1585 3244 5827
1605 3199 1623 3236 ·,
1655 3193 1681 3227 a
1704 3177 2033 3242 significatione
2058 3181 2281 3295 vendereci

2147 3262 2243 3311 quo
