2566 3640
107 1 154 14 w,
181 0 210 14 νς..
234 0 273 14 «ψ
373 0 375 9 l

108 0 186 41 eoin*
205 13 266 41 ⁴¹1¹*
293 21 298 29 ’

127 44 136 54 D

449 221 762 311 CAPUT
803 219 938 310 QU
938 221 1665 300 ADRARESIMUM
1678 278 1693 297 ι,
1711 224 1788 295 N
1790 222 1927 297 ΟΝ
1929 225 2116 296 UM.
2162 249 2250 316 43
2262 249 2305 312 5

291 355 481 417 ,olentia
494 357 566 415 ‚fitr
579 353 829 411 destmtstio
846 353 1118 413 charitati&
1138 369 1251 403 mox
1273 353 1544 411 videbitur,
1529 377 1539 387 ·
1578 356 1630 405 ὅτ
1651 372 1708 405 ex
1731 353 2062 422 fignificatIOne
2086 354 2287 404 machae·

266 461 270 465 -
290 439 298 460 ³
314 441 486 482 rarum,
518 421 647 488 quod
667 422 754 471 fint
766 420 1053 469 dodtrinaliw
1041 443 1057 477 3
1104 421 1247 485 gladii
1263 422 1389 471 enim
1407 422 1509 470 sunt
1526 438 1630 471 vera
1647 424 1774 480 fidei,
1796 432 1877 487 per
1892 438 1998 487 quae
2015 435 2172 469 contra
2191 423 2297 471 falsa

309 493 368 542 δε
386 490 518 542 mala&
524 501 769 554 pugnatur,
795 505 852 536 n:
880 503 1027 552 2799,
1052 489 1115 536 ita
1139 488 1380 538 machaerae
1404 489 1502 538 sunt
1523 490 1805 546 doctrinalia,
1827 489 1903 537 hic
1925 488 2189 536 dodtrinalia
2213 506 2295 553 per

285 596 290 601 .
315 574 432 623 quae
448 570 679 621 pugnatur
699 570 856 604 contra
878 570 1041 603 verum
1065 557 1117 604 &
1141 555 1354 612 bonum,
1381 557 1432 604 &
1457 554 1538 621 pir
1561 574 1667 622 quae
1689 557 1789 604 haec
1812 555 2147 618 exstinguntur,
2183 557 2294 619 quia

289 625 389 673 lab
399 625 483 672 illis
499 623 580 688 qui
600 623 645 670 in
672 622 761 671 sola
782 622 892 678 fide,
926 621 1035 671 seu
1024 638 1071 669 m
1088 621 1181 670 fide
1197 620 1391 686 separata
1411 639 1437 670 a
1459 623 1694 681 charitate,
1730 624 1853 687 apud
1877 639 1994 687 quos
2017 623 2296 670 contrarium

313 689 397 740 est.
433 689 715 738 Doctrinalia
735 705 918 746 eorum,
954 689 1037 754 qui
1055 689 1101 736 in
1119 688 1212 736 sola
1227 689 1338 747 fide,
1372 705 1429 736 ex
1445 691 1612 754 quibus
1627 689 1867 738 destruunt
1888 705 2026 753 opera
2047 689 2294 746 charitatis,

313 757 418 807 sunt
441 759 691 822 praecipue,
727 756 854 821 quod
873 756 1067 803 doceant
1084 755 1238 804 salvari
1258 755 1501 804 hominem
1525 773 1606 820 per
1627 757 1771 805 fidem
1790 757 1931 805 solam
1954 755 2121 819 absque
2144 756 2297 818 operi·

287 824 398 875 ‚bus
412 824 655 879 charitatis,
674 825 724 872 &
739 822 870 888 quod
891 822 990 870 haec
1020 839 1112 870 non
1131 823 1365 876 necefl'aria
1383 823 1485 879 fint,
1499 821 1720 887 quodque
1737 824 1882 871 homo
1901 839 1981 898 per
1994 823 2135 871 solam
2151 822 2295 871 fidem

287 890 524 954 salvetur,
561 892 700 937 etiam
724 889 772 935 in
810 889 970 936 ultima
986 889 1143 936 mortis
1165 890 1291 946 hora,
1325 901 1561 954 utcunque
1585 906 1664 965 per
1687 904 1839 937 totum
1875 891 1987 937 vitae
2017 889 2295 936 curriculum

311 959 504 1012 vixerat,
540 958 604 1004 ita
625 957 819 1018 quinon
839 954 922 1002 nisi
937 971 1076 1019 quam
1101 954 1298 1003 crudelia
1321 967 1636 1013 exercuerunt,
1671 958 1753 1020 qui
1777 956 2025 1012 latrocinia,
2061 956 2143 1020 qui
2167 955 2298 1002 adul·

306 1023 448 1083 teria,
476 1023 556 1087 qui
581 1022 850 1096 prophana3
885 1036 935 1068 ac
971 1022 1094 1079 inde,
1129 1021 1254 1085 quod
1281 1021 1464 1070 salvatio
1482 1023 1536 1070 fit
1560 1023 1705 1070 modo
1730 1022 2035 1070 intromissio
2026 1038 2072 1068 in
2095 1023 2293 1077 eoelum,

286 1088 373 1141 ,ita
395 1089 523 1153 quod
538 1105 629 1135 non
655 1088 1016 1135 intromittantur
1031 1089 1114 1137 nifi
1135 1089 1219 1153 qui
1245 1088 1366 1136 illam
1385 1091 1575 1153 gratiam
1592 1102 1858 1153 acceperunt
1876 1090 1920 1136 in
1940 1089 2032 1136 fine
2051 1090 2162 1136 vitae
2180 1089 2291 1145 suae,

282 1192 293 1214 ,Δ
309 1171 364 1203 ac
387 1156 447 1202 ita
467 1154 594 1219 quod
618 1154 807 1220 quidam
832 1171 891 1201 ex
913 1154 1230 1203 Misericordia
1252 1155 1386 1203 elesti
1411 1156 1515 1214 fint,
1553 1157 1602 1203 &
1614 1157 1813 1220 quidam
1840 1172 1898 1203 ex
1923 1154 2293 1203 immisericordia

284 1222 550 1297 ssdamnati3
585 1238 691 1278 cum
716 1234 867 1269 tamen
891 1237 918 1268 a
940 1222 1150 1269 Domino
1174 1221 1288 1270 nulli
1314 1235 1504 1283 negetur
1525 1223 1721 1298 coelum,
1759 1222 1836 1270 sed
1868 1223 1965 1269 vita
1998 1222 2048 1269 &
2085 1237 2298 1269 commu-

308 1288 477 1337 nicatio
501 1288 630 1345 vitae,
665 1303 773 1354 quae
796 1287 983 1336 sentitur
1016 1288 1080 1336 ibi
1116 1289 1225 1338 ficut
1248 1306 1274 1337 a
1299 1288 1505 1353 subjectis
1538 1289 1688 1336 odor
1677 1306 1723 1336 in
1755 1303 1886 1344 terra,
1922 1290 2030 1336 facit
2054 1300 2104 1335 ut
2129 1304 2296 1364 nequa-

306 1371 452 1418 quam
485 1355 548 1402 ibi
585 1355 671 1403 effe
706 1355 885 1419 possint,
919 1354 1177 1403 cruciantur
1208 1355 1331 1403 enim
1356 1373 1383 1404 a
1405 1355 1530 1411 malo
1552 1357 1663 1404 vitae
1700 1358 1795 1404 suae
1822 1356 1904 1412 ibi,
1942 1356 2044 1418 plus
2077 1371 2218 1419 quam
2247 1356 2293 1402 in

283 1470 286 1473 Α
309 1420 666 1485 profundiffimo
691 1421 883 1468 inferno.
953 1422 1097 1488 Qod
1134 1422 1370 1470 Machaera
1402 1422 1629 1485 significet
1651 1421 1830 1470 ,falsum
1870 1436 2079 1485 pugnans
2101 1423 2149 1469 &
2173 1423 2296 1470 occi-

288 1489 437 1545 dens,
474 1488 739 1551 patet‘apud
764 1488 1024 1548 Johannem
1062 1495 1096 1518 “
1123 1488 1287 1536 Exivit
1309 1489 1421 1536 alius
1440 1504 1586 1552 equus
1620 1489 1767 1545 ruqu,
1795 1491 1845 1537 &
1869 1489 2035 1536 sedenti
2060 1488 2202 1549 (super
2219 1504 2295 1544 eo,

307 1554 468 1615 datum
491 1554 572 1610 est,
607 1567 660 1603 ut
682 1554 868 1602 auferret
902 1570 1060 1617 pacem
1085 1554 1144 1602 de
1166 1567 1299 1614 terra,
1336 1565 1386 1603 ut
1397 1561 1447 1616 Je
1467 1557 1646 1603 invicem
1663 1555 1906 1612 occiderent,
1952 1554 2075 1602 unde
2094 1555 2161 1602 illi
2188 1555 2296 1602 data

282 1660 289 1683 3
306 1621 364 1686 est
385 1621 598 1669 machoera
619 1624 786 1684 magna.
843 1621 1004 1684 Apoc:
1030 1636 1110 1669 vr:
1144 1638 1219 1681 14.
1276 1621 1425 1686 Apud
1451 1622 1720 1671 Eundem‘
1727 1623 1805 1669 ‘Si
1830 1624 1934 1687 quis
1955 1621 2168 1669 machaera
2190 1624 2298 1669 occi-

305 1686 387 1744 dit,
447 1701 632 1751 oportet
656 1689 788 1735 illum
822 1688 1037 1735 machaera
1071 1686 1245 1736 occidi'’
1283 1689 1450 1752 Apoc.
1469 1706 1602 1737 xur:
1631 1705 1703 1738 ιο.
1745 1707 1820 1749 14.
1869 1711 1872 1712 ⁷
1895 1690 2035 1754 Qod
2075 1688 2297 1735 violentia.

307 1754 361 1802 sit
383 1754 452 1801 vis
475 1771 585 1818 quae
623 1754 814 1801 infertur
828 1741 1078 1809 charitati,
1110 1755 1257 1818 liquet
1280 1771 1306 1802 a
1329 1755 1534 1819 pluribus
1566 1755 1722 1803 locis
1712 1772 1757 1802 in
1781 1756 1971 1810 Verbo3
2008 1766 2060 1802 ut
2083 1756 2204 1818 apud
2230 1754 2295 1801 E·
2320 1804 2327 1813 ,

309 1820 498 1868 saiam‘
485 1830 518 1850 ‘⁴
541 1819 714 1877 Desinet
744 1821 995 1875 violentus,
1005 1821 1055 1867 δε
1077 1820 1374 1868 consumetur
1408 1821 1572 1878 irrisor,
1609 1822 1926 1869 exscindentur
1958 1837 2119 1869 omnes
2145 1834 2295 1869 matu-

306 1899 456 1933 rantes
473 1885 722 1948 judicium,
757 1887 838 1949 qui
863 1902 1045 1951 peccare
1080 1886 1249 1935 faciunt
1283 1887 1555 1935 hominem
1546 1905 1591 1934 in
1615 1889 1809 1943 Verbo,t
1825 1889 1875 1935 &
1899 1888 2219 1951 corripientem
2245 1889 2294 1935 in

307 1966 443 2017 porta
479 1953 747 2017 illaqueant,
789 1954 839 2000 &
874 1954 1096 2000 declinare
1134 1952 1310 2004 faciunt
1345 1954 1391 2001 in
1433 1971 1567 2002 mane
1600 1954 1827 2018 judicium
1846 1953 1881 1973 ”
1914 1971 2067 2002 xxrx:
2095 1969 2173 2003 20.
2203 1971 2286 2011 21,

306 2019 383 2067 hic
405 2019 631 2067 violentus
655 2020 742 2067 alia
763 2035 877 2066 voce
901 2020 945 2066 in
966 2019 1149 2081 Lingua
1171 2021 1399 2085 originali,
1437 2021 1509 2068 sed
1535 2038 1640 2084 quae
1665 2021 1819 2071 similis
1841 2021 2180 2083 significationis
2199 2020 2262 2066 est
2276 2042 2304 2075 ;Χ

305 2087 432 2149 quod
456 2085 686 2134 violentus
709 2086 762 2133 fit
785 2086 862 2148 qui
887 2086 987 2134 vim
1012 2087 1149 2133 infert
1171 2087 1396 2142 charitati,
1434 2087 1709 2150 significatur
1732 2104 1814 2151 per
1844 2087 1970 2151 quod
2010 2103 2191 2148 peccare
2228 2086 2293 2133 fa-

306 2153 427 2200 ciant
465 2152 739 2200 hominem
730 2168 774 2199 in
810 2153 974 2229 verbo,
1012 2154 1062 2201 δε
1094 2153 1319 2201 declinare
1356 2153 1523 2201 faciant
1556 2153 1805 2232 judicium.
1877 2155 2024 2217 Apud
2067 2153 2288 2201 Eundem

278 2216 284 2220 ’
307 2228 343 2249 “
367 2220 521 2283 Opera
542 2235 703 2268 eorum
727 2234 867 2283 opera
890 2219 1165 2284 iniquitatis,
1202 2222 1252 2268 &
1264 2221 1441 2284 fabium
1474 2219 1684 2268 violentiae
1707 2226 1753 2268 in
1777 2221 1970 2268 manibus
2004 2236 2176 2273 eorum3
2214 2236 2292 2282 pe-

307 2285 388 2333 des
410 2301 571 2370 eprum
593 2286 650 2332 ad
676 2286 848 2332 malum
873 2299 1076 2352 currunt,
1122 2288 1172 2335 ὅτ
1196 2277 1405 2334 festinant
1427 2285 1487 2333 ad
1505 2286 1799 2348 effundendum
1823 2289 2075 2360 sanguinem
2099 2289 2291 2334 innocen-

309 2349 443 2398 tem’'
482 2353 672 2401 21:126.
701 2367 749 2415 7,
789 2352 860 2400 hic
883 2323 1099 2401 violentia
1135 2370 1218 2417 pro
1243 2357 1288 2401 vi
1314 2353 1433 2401 illata
1466 2354 1689 2410 charitati,
1740 2371 1849 2418 quae
1885 2370 1952 2400 vis
1984 2353 2110 2416 quod
2149 2355 2290 2400 etiam

283 2417 587 2480 ,significetur
612 2436 690 2482 per
713 2417 945 2466 effundere
970 2420 1257 2482 sanguinem,
1294 2420 1506 2467 videatur
1529 2437 1581 2468 n:
1613 2437 1724 2482 374.
1764 2436 1903 2481 ¹005
1974 2420 2118 2483 Apud
2162 2418 2291 2466 Eun·

307 2483 453 2568 dem„
444 2491 489 2516 ‘⁶
512 2485 614 2534 Non
635 2487 718 2532 erit
741 2486 922 2547 amplius
944 2487 1150 2534 violentia
1183 2489 1230 2533 in
1261 2497 1401 2543 terra,
1453 2486 1642 2533 vastatio
1666 2489 1716 2533 &
1739 2486 2023 2533 confractio
2014 2503 2057 2532 in
2085 2486 2288 2533 terminis

312 2548 453 2597 tuis”
490 2566 577 2598 Lx:
609 2555 684 2607 18,
721 2554 940 2599 violentia
973 2568 1058 2615 pro
1092 2553 1396 2600 destruetione
1429 2553 1689 2608 Charitatis,
1727 2553 1832 2599 inde
1870 2553 1991 2600 enim
2029 2551 2231 2598 vastatio
2233 2554 2291 2600 &

312 2614 595 2673 confractio
586 2633 630 2664 rn
657 2631 787 2672 terra,
823 2619 910 2665 hoc
939 2620 1020 2675 est,
1070 2618 1115 2664 in
1154 2619 1365 2666 Ecclesia.
1434 2619 1581 2682 Apud
1617 2619 1863 2679 Jeremiam
1902 2626 1936 2648 “
1964 2618 2212 2665 Violentiam
2237 2621 2287 2666 δε

311 2670 611 2730 vastationem
651 2683 871 2747 praedico,
905 2700 1012 2732 nam
1048 2683 1222 2732 factum
1245 2685 1308 2732 est
1325 2685 1532 2732 Verbum
1557 2685 1755 2744 Jehovae
1794 2686 1908 2732 mihi
1935 2685 2187 2748 opprobrio
2237 2687 2289 2732 δε

312 2747 586 2812 ignominiae
603 2762 703 2796 toto
718 2749 838 2797 die’'
873 2766 962 2798 xx:
995 2755 1042 2807 8,
1079 2751 1295 2798 violentia
1317 2751 1454 2799 etiam
1476 2751 1539 2798 ibi
1558 2768 1642 2815 pro
1659 2752 1907 2798 violentia
1900 2769 1940 2797 in
1963 2750 2287 2815 spiritualibus,

309 2816 371 2863 ita
397 2831 482 2878 pro
504 2813 806 2862 destruetione
829 2817 1072 2873 charitatis,
1109 2832 1157 2866 ut
1174 2819 1228 2865 δι’
1243 2818 1366 2865 fidei.
1444 2819 1583 2880 Apud
1605 2818 1895 2865 Ezechielem
1933 2827 1966 2847 “
1991 2819 2134 2863 Terra
2156 2817 2290 2879 plena

311 2881 553 2945 estjudicio
569 2880 844 2946 sanguinum,
881 2885 931 2931 &
954 2883 1059 2930 urbs
1074 2884 1204 2945 plena
1237 2901 1282 2932 v
1272 2884 1484 2932 ''olentia”
1520 2900 1622 2931 vri:
1651 2900 1730 2947 23,
1760 2883 1987 2944 judicium
2013 2883 2286 2944 sanguinum

310 2965 397 3012 pro
421 2947 718 2995 destrustione
742 2949 865 3004 fidei,
901 2949 1118 2999 violentia
1143 2966 1227 3012 pro
1249 2951 1551 2998 destructione
1583 2950 1824 2999 charitatiS.
1895 2951 2038 3013 Apud
2067 2949 2285 2997 Eundem

309 3024 343 3045 ‘⁶
368 3015 414 3062 Si
440 3014 650 3078 genuerit
675 3013 820 3074 filium
853 3017 1099 3072 violentum,
1134 3016 1344 3079 effufhrem
1371 3018 1611 3079 sanguinis,
1646 3019 1726 3080 qui
1751 3015 1906 3063 fecerit
1940 3033 2084 3064 unum
2108 3017 2166 3062 de
2190 3017 2288 3062 ullo
2350 3049 2353 3051 -

292 3081 571 3134 'eorum3s1
592 3080 662 3127 ille
683 3082 809 3144 super
827 3083 1062 3130 montibus
1084 3084 1352 3140 comederit,
1389 3084 1438 3129 δε
1463 3099 1654 3132 uxorem
1678 3084 1781 3130 locii
1808 3083 2034 3146 polluerit,
2072 3083 2287 3130 miserum

310 3147 363 3194 &
385 3162 583 3210 egenum
606 3149 891 3210 oppresserit,
927 3149 1103 3212 rapinas
1139 3152 1350 3213 rapuerit,
1387 3151 1556 3213 pignus
1592 3167 1683 3198 non
1723 3150 1975 3206 restituerit,
2013 3151 2062 3197 δε
2085 3150 2141 3195 ad
2169 3149 2290 3195 idola

313 3204 536 3263 fiistulerit
573 3215 734 3275 oculos
770 3214 890 3276 suo3,
927 3216 1319 3270 abominationem
1361 3215 1530 3275 fecerit,
1567 3217 1614 3266 in
1639 3216 2002 3275 faenusTdederit,
2038 3218 2086 3264 δε
2112 3215 2292 3262 usuram

1289 3283 1346 3333 1
1337 3299 1348 3330 1
1375 3285 1390 3331 i
1428 3299 1453 3332 2
2061 3283 2295 3345 receperit,
