2670 3698
394 34 415 54 0

389 198 543 282 62,
759 200 1024 272 G'E
1157 200 1246 270 N
1377 201 1632 301 E'S
1766 202 2052 290 I'VS...

388 347 536 397 -quam
568 331 752 398 aliquod
778 334 1000 382 doetrinae
1030 333 1270 398 procedere
1302 334 1467 398 potest,
1504 335 1586 384 nisi
1611 352 1690 399 per
1714 336 1946 385 Divinum
1974 338 2272 394 Humanum,
2303 332 2405 389 hoo:⁴

395 400 476 454 est,
515 414 593 464 per
618 401 839 457 Verbum,
875 402 1000 465 quod
1035 402 1078 447 in
1107 401 1231 449 sensu
1259 402 1465 464 supremo
1500 402 1564 448 est
1600 404 1832 451 Divinum
1846 405 2066 452 Veruma
2089 400 2266 453 Divino
2287 405 2399 454 Hu-

395 483 533 514 mano
552 465 744 522 Domini
767 489 779 522 3
813 469 938 530 quod
963 468 1173 531 procedit
1190 469 1246 515 ab
1264 468 1366 531 Ipso
1388 469 1568 516 Divino
1586 470 1871 527 immediate,
1910 471 1997 519 hoc
2015 488 2070 518 ne
2089 471 2276 536 quidem
2296 472 2400 521 An-

397 533 489 598 geli
528 536 572 581 in
594 533 758 581 intimo
776 534 898 581 coelo
922 534 1104 597 poffunt
1125 550 1298 598 capere,
1332 535 1458 582 causa
1482 535 1561 591 est,
1585 538 1691 600 quia
1707 536 1753 583 id
1773 536 1838 583 est
1855 537 2104 593 infinitum,
2129 541 2177 586 &
2203 539 2262 587 fic
2283 551 2400 585 tran-

393 600 565 647 [cendit
587 616 777 648 omnem
801 614 1007 665 captum,
1042 601 1179 649 etiam
1216 601 1512 664 angelicum·,
1548 615 1593 648 at
1616 603 1742 666 quod
1768 603 1975 665 procedit
1997 620 2055 651 ex
2083 606 2257 652 Divino
2286 605 2396 662 Hu—

397 683 536 715 mano
566 666 778 722 Domini,
816 667 903 714 hoc
926 666 1107 730 pofl‘unt
1130 683 1305 731 capere,
1342 684 1444 714 nam
1474 669 1572 728 agit
1590 669 1646 714 de
1672 670 1776 715 Deo
1795 682 1848 716 ut
1866 669 1928 716 de
1947 669 2125 717 Divino
2159 671 2392 730 Homine,

390 734 452 779 *de
476 749 571 795 quo
596 749 652 780 ex
686 734 912 780 Humano
934 733 1087 798 aliqua
1111 734 1210 781 idea
1241 733 1424 781 formari
1459 733 1623 798 potest,
1659 736 1708 783 &
1734 735 1833 782 idea
1855 751 1964 799 quae
1989 735 2180 783 formata
2201 738 2258 783 de
2285 738 2393 785 Hu-

395 815 550 855 mano,
585 815 842 863 acceptatur
861 799 1179 865 qualiscunque
1198 801 1268 856 fit,
1306 801 1447 846 modo
1470 817 1528 848 ex
1553 801 1675 848 bono
1700 802 1975 849 innocentiae
1999 803 2125 858 fluat,
2162 803 2212 850 ὅτ
2235 802 2281 850 in
2307 804 2392 852 bo-

394 884 456 914 no
479 866 704 914 charitat—is
733 867 820 920 s1t,
807 887 816 897 ·
858 868 944 914 hoc
967 865 1028 914 est
1051 867 1179 930 quod
1206 867 1475 930 intelligitur
1496 883 1578 932 per
1600 867 1795 917 Domini
1820 868 1954 916 verba
1977 869 2098 931 apud
2125 867 2393 930 Johannem

392 943 428 963 ‘⁶
457 934 524 981 D
515 949 609 980 um
638 950 774 980 nemo
798 932 915 979 vidit
939 949 1159 996 unquam,
1200 933 1483 996 Unigenitus
1508 933 1668 990 Filius,
1706 936 1833 998 Qi
1824 951 1868 981 in
1891 934 1985 982 sinu
2006 936 2153 982 Patris
2175 935 2253 992 est,
2291 935 2408 999 Ipse·

392 999 650 1063 exposuit’'
692 1016 739 1045 1·
774 1002 860 1048 18:
897 1000 1019 1064 apud
1047 999 1264 1047 Eundem
1301 1008 1334 1029 ‘⁶
1361 1000 1533 1061 Neque
1556 1016 1719 1048 vocem
1745 1001 1885 1049 Patris
1909 1001 2144 1049 audivistis
2167 1017 2391 1065 unquam,

395 1083 539 1129 nique
563 1066 756 1129 speciem
785 1064 928 1128 Ipsius
967 1065 1182 1113 vidistis’'
1221 1082 1275 1112 ν.
1307 1081 1400 1140 37.
1437 1067 1486 1114 ὅτ
1523 1066 1644 1129 apud
1682 1067 1963 1115 Matthaeum
2002 1077 2033 1098 ‘⁶
2060 1069 2176 1115 Non
2203 1068 2388 1117 Patrem

387 1133 633 1210 quisquam
657 1131 904 1194 cognoscit,
940 1132 1022 1178 nisi
1041 1131 1079 1178 F
1082 1131 1195 1188 ihus,
1219 1133 1269 1179 ὅτ
1288 1132 1361 1179 cui
1379 1133 1570 1180 voluerit
1590 1132 1730 1181 Filius
1745 1133 1987 1180 revelas&
2023 1149 2213 1195 X1227.
2274 1135 2389 1182 Cur-

391 1216 468 1247 rus
494 1203 538 1247 in
565 1201 610 1246 V
614 1170 744 1246 erboD
746 1197 988 1261 plurimis
977 1214 1023 1244 in
1049 1197 1156 1244 locis
1180 1210 1511 1254 memorantur,
1546 1200 1597 1246 ὅτ
1620 1198 1700 1246 vix
1722 1199 1881 1261 aliquis
1905 1199 2000 1255 scit,
2036 1200 2161 1264 quod
2188 1217 2267 1263 per
2291 1201 2392 1249 illos

390 1267 454 1314 ibi
481 1266 788 1328 significentur
810 1263 1082 1311 dofflrinalia
1110 1264 1218 1311 boni
1244 1263 1294 1311 ὅτ
1317 1264 1430 1320 veri,
1465 1276 1516 1312 ut
1538 1265 1589 1313 ὅτ
1612 1263 1852 1313 scientifica
1875 1278 1982 1328 quae
2006 1265 2106 1313 sunt
2127 1266 2390 1315 doctrinali-

389 1350 490 1389 um,
527 1332 656 1379 causa
691 1329 771 1387 est,
808 1328 915 1395 quia
940 1346 1031 1377 non
1055 1329 1240 1394 aliquod
1281 1330 1506 1394 spirituale
1544 1332 1679 1379 intrat
1714 1332 1884 1390 ideam,
1923 1331 1994 1381 sed
2019 1331 2165 1380 solum
2191 1334 2391 1384 naturale

389 1398 674 1455 historicum,
708 1413 815 1445 cum
854 1397 1117 1444 nominatur
1151 1413 1322 1457 currus,
1360 1397 1472 1444 ficut
1492 1396 1646 1445 etiam.
1666 1413 1778 1446 cum
1802 1400 1912 1462 equi
1934 1398 2016 1462 qui
2049 1411 2150 1445 ante
2185 1414 2392 1458 currum,

389 1482 495 1514 cum
532 1478 683 1513 tamen
725 1479 806 1528 per
842 1478 867 1509 e
906 1478 987 1510 uos
1005 1462 1320 1527 ‘fignificaht‘ur
1355 1463 1402 1510 in
1437 1462 1594 1510 Verbo
1616 1462 1950 1520 intellectualia,
1986 1481 2043 1513 n:
2072 1465 2215 1528 2760.
2243 1467 2390 1529 2761..

390 1533 487 1597 276
497 1549 536 1579 2.
554 1569 555 1572 η
564 1549 651 1594 321
668 1546 711 1590 7,
747 1531 797 1578 ὅτ
822 1479 927 1576 inde
951 1544 1028 1592 per
1048 1546 1231 1577 currum
1254 1529 1588 1578 doctrinalia&
1603 1545 1766 1579 eorum
1789 1530 2045 1580 scientifica.
2106 1532 2248 1589 Quod
2273 1533 2391 1581 Cur-

386 1616 463 1647 r-us
480 1600 564 1647 sint
588 1597 807 1646 Ecclefiae
828 1594 1113 1654 doctrinalia,
1150 1597 1199 1645 ὅτ
1214 1612 1404 1661 quoque
1422 1596 1679 1655 scientifica,
1703 1596 1900 1645 constare
1920 1597 2036 1645 mihi
2052 1596 2200 1661 potuit
2215 1613 2273 1645 ex
2291 1615 2392 1646 cur-

389 1667 515 1714 ribus
538 1665 672 1712 toties
695 1663 798 1711 vifis
822 1663 867 1709 in
893 1662 1028 1710 altera
1050 1663 1180 1720 vita;
1217 1662 1281 1711 est
1301 1678 1493 1727 quoque
1530 1662 1656 1710 locus
1679 1663 1734 1710 ad
1759 1661 1971 1712 dextrum
1997 1663 2109 1710 circa
2134 1675 2297 1714 terram
2321 1665 2393 1719 in·-

388 1732 640 1786 feriorem‚-
656 1729 737 1778 ubi
761 1742 984 1793 apparent
1005 1745 1160 1777 currus
1183 1730 1234 1778 ὅτ
1256 1731 1379 1794 equi,
1415 1745 1524 1777 cum
1548 1728 1731 1778 stabulis
1765 1730 1810 1777 in
1834 1729 1992 1778 ordine
2019 1730 2190 1792 positis,
2225 1732 2390 1780 ambu·
2469 1782 2474 1784 ,

388 1800 485 1847 §ant
506 1798 568 1846 ibi
594 1798 642 1846 &
661 1796 1010 1845 confabulantur
1026 1796 1111 1861 qui
1133 1796 1179 1843 in
1204 1796 1384 1844 mundo
1407 1796 1573 1853 eruditi
1596 1795 1796 1854 fuerunt,
1831 1798 1882 1846 &
1905 1813 1987 1860 pro
2005 1798 2097 1847 fine
2121 1797 2388 1847 eruditionis
2410 1816 2414 1819 ·

387 1866 640 1914 habuerunt
664 1865 845 1917 vitam,
831 1883 841 1894 ·
877 1862 983 1911 talia
1004 1875 1222 1928 apparent
1255 1863 1340 1912 illis
1362 1878 1421 1910 ex
1443 1863 1611 1925 angelis
1636 1862 1681 1910 in
1716 1862 2016 1927 superioribus
2038 1863 2186 1921 coelis,
2222 1865 2389 1929 quibus

383 1950 494 1980 cum
522 1932 666 1980 sermo
690 1930 752 1977 est
769 1930 828 1977 de
850 1929 1248 1987 intellectualibus,
1283 1930 1432 1994 deque
1449 1929 1770 1979 doctrinalibus
1793 1932 1844 1978 ὅτ
1867 1929 2133 1988 scientificiS,
2170 1942 2278 1978 tunc
2300 1930 2411 1995 spi-3

387 2000 549 2047 ritibus
574 1997 635 2046 ibi
661 2008 884 2062 apparent
903 1996 1019 2046 talia.
1060 1997 1207 2064 Qod
1234 1996 1339 2046 talia
1362 2012 1443 2060 per
1464 2011 1617 2044 currus
1635 1997 1686 2044 ὅτ
1702 2013 1844 2062 equos
1863 1995 2190 2059 significentur,
2225 1997 2388 2046 admo-

386 2067 501 2114 dum
529 2063 765 2112 manifeste
798 2075 924 2127 patet
947 2078 1005 2110 ex
1027 2078 1101 2120 eo,
1136 2063 1260 2127 quod
1288 2062 1413 2111 Elias
1434 2063 1690 2126 apparuerit
1713 2063 1758 2111 in
1781 2062 1952 2111 coelum
1977 2062 2136 2110 vectus
2158 2078 2293 2111 curru
2316 2065 2388 2127 ig·-

387 2134 458 2182 nis
477 2133 531 2180 &
553 2132 680 2196 equis
705 2131 843 2193 igniS,
880 2130 929 2177 &
953 2127 1092 2204 quod
1114 2130 1188 2178 ille
1213 2138 1265 2178 ut
1287 2131 1336 2178 ὅτ
1369 2129 1549 2178 Elischa
1582 2130 1797 2194 appellati
1831 2130 1917 2178 fint
1939 2130 2108 2178 Currus
2136 2128 2303 2179 Israelis
2336 2131 2388 2178 ὅτ

385 2199 563 2278 equites
585 2214 694 2260 ejus,
728 2197 786 2244 de
807 2196 973 2259 quibus
997 2197 1058 2244 ita
1082 2196 1128 2243 in
1154 2195 1300 2244 Libro
1325 2212 1361 2244 11
1392 2197 1578 2260 Regum
1616 2206 1647 2227 “
1674 2196 1794 2245 Ecce
1817 2198 1981 2246 Currus
2002 2198 2107 2260 {gnis
2130 2196 2180 2243 &
2188 2199 2298 2260 equi
2317 2198 2387 2260 ig-

385 2269 452 2315 nis
487 2263 823 2312 intervenerunt
850 2262 964 2311 inter
985 2261 1104 2319 illos,
1127 2264 1178 2311 ὅτ
1199 2263 1395 2312 ascendit
1419 2263 1580 2310 Elias
1568 2280 1615 2311 m
1638 2264 1853 2311 turbine
1843 2280 1888 2311 m
1912 2263 2122 2319 coelum,
2129 2263 2179 2311 &
2203 2263 2384 2313 Elischa

306 2327 310 2332 ’
387 2333 550 2383 videns
574 2333 623 2380 &
651 2332 863 2386 clamans,
899 2340 1026 2392 pater
1055 2329 1139 2386 mi,
1175 2341 1303 2393 pater
1326 2329 1410 2386 mi,
1447 2329 1619 2379 Currus
1657 2330 1824 2392 Ifraelis
1846 2329 1902 2380 δέ’
1934 2331 2110 2393 Equites
2133 2328 2267 2393 ejus”
2305 2346 2384 2379 11:

394 2420 413 2450 1
435 2416 471 2447 t.
506 2415 580 2455 12,
615 2399 665 2446 ὅτ
698 2398 754 2445 de
788 2394 1000 2443 Elischa
988 2413 1034 2443 m
1059 2396 1222 2444 eodem
1246 2395 1391 2444 Libro
1428 2404 1461 2426 “
1486 2396 1611 2444 Cum
1636 2396 1819 2446 Elischa
1842 2398 2093 2461 aegrotabat
2116 2397 2279 2444 morbo
2302 2396 2386 2447 suo

385 2482 486 2531 quo
512 2479 716 2513 mortuus
739 2463 826 2521 est,
857 2462 1087 2511 descendit
1122 2463 1179 2510 ad
1215 2478 1323 2513 eum
1360 2462 1542 2527 Joasch,
1577 2479 1656 2510 rex
1677 2462 1863 2521 IsraeliS,
1898 2465 1949 2512 ὅτ
1973 2463 2102 2511 flevit
2123 2475 2227 2510 ante
2251 2461 2406 2512 facie's'

392 2549 504 2596 ejus,
541 2533 589 2579 ὅτ
629 2531 764 2586 dixit,
802 2541 927 2592 pater
967 2529 1048 2586 mi,
1084 2541 1211 2593 pater
1246 2530 1329 2587 mi,
1366 2530 1531 2578 Currus
1566 2529 1769 2595 Israelis
1786 2531 1838 2578 ὅτ
1873 2531 2048 2595 Equites
2085 2528 2220 2592 ejus”
2253 2545 2386 2578 x111.

399 2615 495 2660 14⁰,
529 2597 651 2646 causa
673 2596 801 2663 quod
820 2596 885 2643 illi
910 2595 968 2643 fic
984 2595 1204 2661 appellati
1227 2596 1336 2664 smt,
1353 2595 1417 2643 est
1433 2597 1540 2661 quia
1562 2613 1642 2661 per
1663 2608 1923 2661 utrumque,
1960 2609 2053 2644 tam
2073 2596 2224 2644 Ellam
2243 2611 2384 2660 quam

395 2666 646 2720 Elischam,
682 2662 1019 2727 repraesentatus
1042 2662 1106 2709 est
1129 2652 1361 2710 Dominus
1395 2663 1547 2727 quoad
1584 2663 1807 2721 Verbum,
1844 2663 2049 2711 videatur
2091 2661 2289 2711 Praefat:
2323 2662 2384 2710 ad

397 2734 528 2793 Cap:
564 2746 723 2778 xviii:
746 2727 926 2777 Genes:
963 2729 1094 2776 ὅτη.
1122 2731 1267 2793 2762.
1295 2727 1501 2790 5247f,
1538 2728 1690 2792 ipsum
1729 2730 1942 2779 Verbum
1976 2729 2299 2802 principaliter
2316 2727 2382 2775 est

394 2798 601 2845 doctrina
632 2797 737 2843 boni
764 2797 812 2843 ὅτ
837 2795 948 2847 veri
987 2810 1090 2848 nam
1125 2794 1229 2842 inde
1272 2796 1335 2843 est
1360 2811 1496 2842 omne
1520 2794 1775 2851 doftrinae;
1811 2813 1868 2844 ex
1891 2799 2050 2846 eadem
2079 2795 2206 2860 causa
2240 2793 2381 2843 etiam

388 2878 502 2919 erat
532 2863 664 2928 quod
704 2859 870 2909 circum
914 2859 1140 2907 Elischam
1175 2861 1297 2908 viius
1314 2860 1384 2909 fit
1423 2877 1581 2924 puero,
1617 2861 1743 2923 cujus
1765 2863 1929 2911 oculos
1955 2856 2126 2925 aperuit
2148 2860 2383 2922 Jehovah,

390 2948 503 2979 ηοω
524 2931 669 2992 plenus
693 2931 805 2992 equis
834 2926 890 2975 &
924 2928 1122 2975 curribus
1145 2926 1299 2991 ignis'’
1338 2944 1377 2974 11
1406 2928 1969 2991 Reg:v1:27.Q10d
1993 2927 2161 2974 Currus
2196 2927 2250 2976 fit
2271 2926 2381 2975 doc-

387 2997 561 3050 trinale,
597 2998 646 3043 ὅτ
672 2993 1169 3068 Equusintelleeiualz
1205 2987 1379 3042 constat
1401 3011 1589 3059 quoque
1613 3011 1668 3042 ex
1691 2995 1787 3044 aliis
1805 2993 1939 3043 locis
1927 3010 1972 3041 m
1992 2993 2164 3051 Verbo,
2190 3006 2239 3042 ut
2256 2994 2384 3056 apud

390 3065 503 3111 Eze
523 3062 685 3110 hielern
724 3071 754 3091 ‘
780 3059 1063 3108 Satiabimini
1091 3060 1216 3124 super
1241 3060 1392 3108 mensa
1417 3077 1519 3108 mea
1541 3077 1640 3124 equo
1661 3061 1713 3108 ὅτ
1733 3077 1884 3116 curru,
1922 3058 2028 3107 forti
2051 3060 2101 3106 ὅτ
2124 3058 2251 3107 omni
2278 3059 2381 3109 viro

385 3130 526 3182 belli:
563 3129 620 3175 fic
654 3128 775 3176 dabo
814 3125 1005 3191 gloriam
1050 3142 1196 3173 meam
1229 3125 1483 3189 gentibus”
1520 3135 1710 3173 xxxix:
1731 3145 1812 3184 20,
1853 3127 2017 3188 Apoc:
2043 3141 2167 3176 xxx:
2198 3130 2276 3182 18,
2314 3126 2378 3176 ibi

379 3197 535 3260 agitur
558 3194 612 3242 de
635 3195 833 3249 adventu
858 3192 1056 3242 Domini
1078 3214 1091 3249 ;
1128 3193 1253 3258 quod
1279 3191 1340 3240 ibi
1365 3208 1447 3257 per
1466 3208 1644 3257 equum
1677 3192 1727 3242 ὅτ
1754 3208 1942 3243 currum
1975 3208 2068 3241 non
2103 3192 2380 3256 fignificetur

2234 3274 2380 3326 equus
