<?xml version="1.0" encoding="UTF-8"?>
<!DOCTYPE html PUBLIC "-//W3C//DTD XHTML 1.0 Transitional//EN"
    "http://www.w3.org/TR/xhtml1/DTD/xhtml1-transitional.dtd">
<html xmlns="http://www.w3.org/1999/xhtml" xml:lang="en" lang="en">
 <head>
  <title>
</title>
<meta http-equiv="Content-Type" content="text/html;charset=utf-8" />
  <meta name='ocr-system' content='tesseract 3.04.00' />
  <meta name='ocr-capabilities' content='ocr_page ocr_carea ocr_par ocr_line ocrx_word'/>
</head>
<body>
  <div class='ocr_page' id='page_1' title='image "arcanacaelestiaq05sweduoft_0230.png"; bbox 0 0 2606 3646; ppageno 0'>
   <div class='ocr_carea' id='block_1_1' title="bbox 384 253 2397 3205">
    <p class='ocr_par' dir='ltr' id='par_1_1' title="bbox 384 253 2397 3205">
     <span class='ocr_line' id='line_1_1' title="bbox 418 253 2070 329; baseline 0.002 -3"><span class='ocrx_word' id='word_1_1' title='bbox 418 257 555 327; x_wconf 83' lang='lat'><em>226</em></span> <span class='ocrx_word' id='word_1_2' title='bbox 825 257 884 327; x_wconf 76' lang='lat' dir='ltr'><em>G</em></span> <span class='ocrx_word' id='word_1_3' title='bbox 1022 254 1093 327; x_wconf 87' lang='grc' dir='ltr'><em>Ε</em></span> <span class='ocrx_word' id='word_1_4' title='bbox 1221 253 1317 329; x_wconf 88' lang='lat' dir='ltr'><em>N</em></span> <span class='ocrx_word' id='word_1_5' title='bbox 1442 257 1511 328; x_wconf 88' lang='lat' dir='ltr'><em>E</em></span> <span class='ocrx_word' id='word_1_6' title='bbox 1644 254 1698 328; x_wconf 82' lang='lat' dir='ltr'><em>S</em></span> <span class='ocrx_word' id='word_1_7' title='bbox 1827 253 1883 328; x_wconf 89' lang='lat' dir='ltr'><em>I</em></span> <span class='ocrx_word' id='word_1_8' title='bbox 2003 257 2070 329; x_wconf 89' lang='lat' dir='ltr'><em>S.</em></span> 
     </span>
     <span class='ocr_line' id='line_1_2' title="bbox 412 385 2394 452; baseline 0.003 -22"><span class='ocrx_word' id='word_1_9' title='bbox 412 385 610 432; x_wconf 86' lang='lat' dir='ltr'><em>minimus</em></span> <span class='ocrx_word' id='word_1_10' title='bbox 631 401 726 433; x_wconf 85' lang='lat' dir='ltr'><em>cum</em></span> <span class='ocrx_word' id='word_1_11' title='bbox 742 385 881 443; x_wconf 84' lang='lat' dir='ltr'><em>vobis,</em></span> <span class='ocrx_word' id='word_1_12' title='bbox 918 402 999 434; x_wconf 90' lang='lat' dir='ltr'><em>non</em></span> <span class='ocrx_word' id='word_1_13' title='bbox 1021 385 1182 434; x_wconf 79' lang='lat' dir='ltr'><em>addetis</em></span> <span class='ocrx_word' id='word_1_14' title='bbox 1197 385 1345 436; x_wconf 84' lang='lat' dir='ltr'><em>videre</em></span> <span class='ocrx_word' id='word_1_15' title='bbox 1355 388 1497 451; x_wconf 86' lang='lat' dir='ltr'><em>facies</em></span> <span class='ocrx_word' id='word_1_16' title='bbox 1517 403 1644 437; x_wconf 85' lang='lat' dir='ltr'><em>meas.</em></span> <span class='ocrx_word' id='word_1_17' title='bbox 1713 389 1776 436; x_wconf 90' lang='lat' dir='ltr'><em>Et</em></span> <span class='ocrx_word' id='word_1_18' title='bbox 1786 389 1901 452; x_wconf 87' lang='lat' dir='ltr'><em>fuit,</em></span> <span class='ocrx_word' id='word_1_19' title='bbox 1936 405 2031 437; x_wconf 75' lang='lat' dir='ltr'><em>cum</em></span> <span class='ocrx_word' id='word_1_20' title='bbox 2053 386 2306 452; x_wconf 81' lang='lat' dir='ltr'><em>ascendimus</em></span> <span class='ocrx_word' id='word_1_21' title='bbox 2327 385 2394 436; x_wconf 66' lang='lat' dir='ltr'><em>aa!</em></span> 
     </span>
     <span class='ocr_line' id='line_1_3' title="bbox 403 450 2391 517; baseline 0.003 -21"><span class='ocrx_word' id='word_1_22' title='bbox 403 450 583 513; x_wconf 72' lang='lat' dir='ltr'><em>fiervum</em></span> <span class='ocrx_word' id='word_1_23' title='bbox 607 460 726 497; x_wconf 85' lang='lat' dir='ltr'><em>tuum</em></span> <span class='ocrx_word' id='word_1_24' title='bbox 744 461 910 513; x_wconf 88' lang='lat' dir='ltr'><em>patrem</em></span> <span class='ocrx_word' id='word_1_25' title='bbox 933 463 1085 508; x_wconf 85' lang='lat' dir='ltr'><em>meum,</em></span> <span class='ocrx_word' id='word_1_26' title='bbox 1120 451 1177 500; x_wconf 67' lang='grc' dir='ltr'><em>(ς’</em></span> <span class='ocrx_word' id='word_1_27' title='bbox 1197 452 1480 501; x_wconf 79' lang='lat' dir='ltr'><em>indicavimus</em></span> <span class='ocrx_word' id='word_1_28' title='bbox 1500 455 1540 501; x_wconf 90' lang='lat' dir='ltr'><em>ei</em></span> <span class='ocrx_word' id='word_1_29' title='bbox 1553 452 1695 511; x_wconf 19' lang='lat' dir='ltr'><em>,verba</em></span> <span class='ocrx_word' id='word_1_30' title='bbox 1715 453 1869 501; x_wconf 84' lang='lat' dir='ltr'><em>domini</em></span> <span class='ocrx_word' id='word_1_31' title='bbox 1890 458 1980 502; x_wconf 86' lang='lat' dir='ltr'><em>mei.</em></span> <span class='ocrx_word' id='word_1_32' title='bbox 2050 456 2115 502; x_wconf 88' lang='lat' dir='ltr'><em>Et</em></span> <span class='ocrx_word' id='word_1_33' title='bbox 2135 454 2243 501; x_wconf 83' lang='lat' dir='ltr'><em>dixit</em></span> <span class='ocrx_word' id='word_1_34' title='bbox 2265 465 2391 517; x_wconf 74' lang='lat' dir='ltr'><em>pater</em></span> 
     </span>
     <span class='ocr_line' id='line_1_4' title="bbox 415 515 2380 584; baseline 0.004 -24"><span class='ocrx_word' id='word_1_35' title='bbox 415 515 567 573; x_wconf 75' lang='lat' dir='ltr'><em>noster,</em></span> <span class='ocrx_word' id='word_1_36' title='bbox 590 518 872 574; x_wconf 83' lang='lat' dir='ltr'><em>revertimini,</em></span> <span class='ocrx_word' id='word_1_37' title='bbox 900 519 1021 565; x_wconf 85' lang='lat' dir='ltr'><em>emite</em></span> <span class='ocrx_word' id='word_1_38' title='bbox 1036 517 1146 565; x_wconf 88' lang='lat' dir='ltr'><em>nobis</em></span> <span class='ocrx_word' id='word_1_39' title='bbox 1163 528 1322 578; x_wconf 87' lang='lat' dir='ltr'><em>parum</em></span> <span class='ocrx_word' id='word_1_40' title='bbox 1345 517 1439 565; x_wconf 87' lang='lat' dir='ltr'><em>cibi.</em></span> <span class='ocrx_word' id='word_1_41' title='bbox 1509 518 1573 565; x_wconf 87' lang='lat' dir='ltr'><em>Et</em></span> <span class='ocrx_word' id='word_1_42' title='bbox 1585 518 1783 575; x_wconf 75' lang='lat' dir='ltr'><em>diximus,</em></span> <span class='ocrx_word' id='word_1_43' title='bbox 1805 535 1885 576; x_wconf 79' lang='lat' dir='ltr'><em>non</em></span> <span class='ocrx_word' id='word_1_44' title='bbox 1894 518 2105 584; x_wconf 78' lang='lat' dir='ltr'><em>poffumus</em></span> <span class='ocrx_word' id='word_1_45' title='bbox 2127 520 2380 583; x_wconf 73' lang='lat' dir='ltr'><em>descendere,</em></span> 
     </span>
     <span class='ocr_line' id='line_1_5' title="bbox 404 580 2389 650; baseline 0.003 -25"><span class='ocrx_word' id='word_1_46' title='bbox 404 580 450 640; x_wconf 88' lang='lat' dir='ltr'><em>st</em></span> <span class='ocrx_word' id='word_1_47' title='bbox 451 581 515 640; x_wconf 84' lang='lat' dir='ltr'><em>stt</em></span> <span class='ocrx_word' id='word_1_48' title='bbox 516 581 674 644; x_wconf 82' lang='lat' dir='ltr'><em>frater</em></span> <span class='ocrx_word' id='word_1_49' title='bbox 694 583 827 642; x_wconf 82' lang='lat' dir='ltr'><em>noster</em></span> <span class='ocrx_word' id='word_1_50' title='bbox 849 585 1042 632; x_wconf 84' lang='lat' dir='ltr'><em>minimus</em></span> <span class='ocrx_word' id='word_1_51' title='bbox 1065 599 1157 629; x_wconf 85' lang='lat' dir='ltr'><em>cum</em></span> <span class='ocrx_word' id='word_1_52' title='bbox 1179 584 1293 631; x_wconf 74' lang='lat' dir='ltr'><em>nobis·</em></span> <span class='ocrx_word' id='word_1_53' title='bbox 1315 583 1371 632; x_wconf 65' lang='grc' dir='ltr'><em>ἔθ’</em></span> <span class='ocrx_word' id='word_1_54' title='bbox 1391 582 1683 646; x_wconf 79' lang='lat' dir='ltr'><em>destendemus,</em></span> <span class='ocrx_word' id='word_1_55' title='bbox 1719 587 1819 646; x_wconf 87' lang='lat' dir='ltr'><em>quia</em></span> <span class='ocrx_word' id='word_1_56' title='bbox 1836 600 1914 631; x_wconf 85' lang='lat' dir='ltr'><em>non</em></span> <span class='ocrx_word' id='word_1_57' title='bbox 1924 585 2132 650; x_wconf 69' lang='lat' dir='ltr'><em>poffiemus</em></span> <span class='ocrx_word' id='word_1_58' title='bbox 2152 585 2296 634; x_wconf 86' lang='lat' dir='ltr'><em>videre</em></span> <span class='ocrx_word' id='word_1_59' title='bbox 2303 588 2389 649; x_wconf 79' lang='lat' dir='ltr'><em>fa-</em></span> 
     </span>
     <span class='ocr_line' id='line_1_6' title="bbox 413 647 2395 713; baseline 0.004 -22"><span class='ocrx_word' id='word_1_60' title='bbox 413 649 501 692; x_wconf 85' lang='lat' dir='ltr'><em>cies</em></span> <span class='ocrx_word' id='word_1_61' title='bbox 517 649 622 701; x_wconf 84' lang='lat' dir='ltr'><em>viri,</em></span> <span class='ocrx_word' id='word_1_62' title='bbox 658 647 870 709; x_wconf 77' lang='lat' dir='ltr'><em>&amp;frater</em></span> <span class='ocrx_word' id='word_1_63' title='bbox 888 650 1080 696; x_wconf 82' lang='lat' dir='ltr'><em>minimus</em></span> <span class='ocrx_word' id='word_1_64' title='bbox 1096 665 1178 696; x_wconf 86' lang='lat' dir='ltr'><em>non</em></span> <span class='ocrx_word' id='word_1_65' title='bbox 1194 649 1263 697; x_wconf 89' lang='lat' dir='ltr'><em>ille</em></span> <span class='ocrx_word' id='word_1_66' title='bbox 1279 665 1370 696; x_wconf 88' lang='lat' dir='ltr'><em>cum</em></span> <span class='ocrx_word' id='word_1_67' title='bbox 1386 650 1513 698; x_wconf 81' lang='lat' dir='ltr'><em>nobis.</em></span> <span class='ocrx_word' id='word_1_68' title='bbox 1584 650 1644 696; x_wconf 88' lang='lat' dir='ltr'><em>Et</em></span> <span class='ocrx_word' id='word_1_69' title='bbox 1659 648 1769 696; x_wconf 81' lang='lat' dir='ltr'><em>dixit</em></span> <span class='ocrx_word' id='word_1_70' title='bbox 1774 649 1929 712; x_wconf 76' lang='lat' dir='ltr'><em>servm</em></span> <span class='ocrx_word' id='word_1_71' title='bbox 1945 660 2047 698; x_wconf 84' lang='lat' dir='ltr'><em>tuus</em></span> <span class='ocrx_word' id='word_1_72' title='bbox 2054 661 2186 713; x_wconf 86' lang='lat' dir='ltr'><em>pater</em></span> <span class='ocrx_word' id='word_1_73' title='bbox 2201 667 2317 699; x_wconf 86' lang='lat' dir='ltr'><em>meus</em></span> <span class='ocrx_word' id='word_1_74' title='bbox 2333 649 2395 699; x_wconf 83' lang='lat' dir='ltr'><em>ad</em></span> 
     </span>
     <span class='ocr_line' id='line_1_7' title="bbox 414 713 2390 776; baseline 0.004 -19"><span class='ocrx_word' id='word_1_75' title='bbox 414 726 508 765; x_wconf 80' lang='lat' dir='ltr'><em>nos,</em></span> <span class='ocrx_word' id='word_1_76' title='bbox 544 728 620 760; x_wconf 89' lang='lat' dir='ltr'><em>vos</em></span> <span class='ocrx_word' id='word_1_77' title='bbox 637 713 755 771; x_wconf 66' lang='lat' dir='ltr'><em>nqstis</em></span> <span class='ocrx_word' id='word_1_78' title='bbox 778 713 887 776; x_wconf 71' lang='lat' dir='ltr'><em>qued</em></span> <span class='ocrx_word' id='word_1_79' title='bbox 903 714 1018 760; x_wconf 82' lang='lat' dir='ltr'><em>binos</em></span> <span class='ocrx_word' id='word_1_80' title='bbox 1037 718 1246 776; x_wconf 84' lang='lat' dir='ltr'><em>pepererit</em></span> <span class='ocrx_word' id='word_1_81' title='bbox 1263 715 1368 761; x_wconf 86' lang='lat' dir='ltr'><em>mihi</em></span> <span class='ocrx_word' id='word_1_82' title='bbox 1383 730 1490 762; x_wconf 84' lang='lat' dir='ltr'><em>uxor</em></span> <span class='ocrx_word' id='word_1_83' title='bbox 1506 721 1612 763; x_wconf 57' lang='lat' dir='ltr'><em>mea}</em></span> <span class='ocrx_word' id='word_1_84' title='bbox 1681 716 1745 762; x_wconf 93' lang='lat' dir='ltr'><em>Et</em></span> <span class='ocrx_word' id='word_1_85' title='bbox 1768 718 1904 763; x_wconf 81' lang='lat' dir='ltr'><em>exivit</em></span> <span class='ocrx_word' id='word_1_86' title='bbox 1926 730 2031 763; x_wconf 77' lang='lat' dir='ltr'><em>unus</em></span> <span class='ocrx_word' id='word_1_87' title='bbox 2053 732 2081 762; x_wconf 87' lang='lat' dir='ltr'><em>a</em></span> <span class='ocrx_word' id='word_1_88' title='bbox 2099 731 2175 772; x_wconf 90' lang='lat' dir='ltr'><em>me,</em></span> <span class='ocrx_word' id='word_1_89' title='bbox 2210 717 2267 766; x_wconf 71' lang='lat'><em>&amp;5</em></span> <span class='ocrx_word' id='word_1_90' title='bbox 2278 717 2390 773; x_wconf 84' lang='lat' dir='ltr'><em>dixi,</em></span> 
     </span>
     <span class='ocr_line' id='line_1_8' title="bbox 394 779 2390 844; baseline 0.005 -22"><span class='ocrx_word' id='word_1_91' title='bbox 394 787 690 826; x_wconf 79' lang='lat' dir='ltr'><em>&#39;veruntamen</em></span> <span class='ocrx_word' id='word_1_92' title='bbox 705 779 960 839; x_wconf 74' lang='lat' dir='ltr'><em>discerpendo</em></span> <span class='ocrx_word' id='word_1_93' title='bbox 984 780 1212 842; x_wconf 85' lang='lat' dir='ltr'><em>discerptus</em></span> <span class='ocrx_word' id='word_1_94' title='bbox 1233 780 1303 840; x_wconf 85' lang='lat' dir='ltr'><em>est,</em></span> <span class='ocrx_word' id='word_1_95' title='bbox 1337 779 1394 828; x_wconf 61' lang='grc' dir='ltr'><em>δέ</em></span> <span class='ocrx_word' id='word_1_96' title='bbox 1415 796 1495 828; x_wconf 90' lang='lat' dir='ltr'><em>non</em></span> <span class='ocrx_word' id='word_1_97' title='bbox 1515 779 1611 827; x_wconf 90' lang='lat' dir='ltr'><em>vidi</em></span> <span class='ocrx_word' id='word_1_98' title='bbox 1632 780 1752 826; x_wconf 87' lang='lat' dir='ltr'><em>illum</em></span> <span class='ocrx_word' id='word_1_99' title='bbox 1775 781 1855 828; x_wconf 86' lang='lat' dir='ltr'><em>huc</em></span> <span class='ocrx_word' id='word_1_100' title='bbox 1877 781 2014 844; x_wconf 86' lang='lat' dir='ltr'><em>usque.</em></span> <span class='ocrx_word' id='word_1_101' title='bbox 2084 782 2148 828; x_wconf 87' lang='lat' dir='ltr'><em>Et</em></span> <span class='ocrx_word' id='word_1_102' title='bbox 2152 783 2322 842; x_wconf 86' lang='lat' dir='ltr'><em>sumitis</em></span> <span class='ocrx_word' id='word_1_103' title='bbox 2343 798 2390 831; x_wconf 84' lang='lat' dir='ltr'><em>e·</em></span> 
     </span>
     <span class='ocr_line' id='line_1_9' title="bbox 413 844 2383 909; baseline 0.002 -17"><span class='ocrx_word' id='word_1_104' title='bbox 413 844 521 892; x_wconf 77' lang='lat' dir='ltr'><em>tiam</em></span> <span class='ocrx_word' id='word_1_105' title='bbox 537 844 646 891; x_wconf 86' lang='lat' dir='ltr'><em>hune</em></span> <span class='ocrx_word' id='word_1_106' title='bbox 662 859 690 889; x_wconf 84' lang='lat' dir='ltr'><em>a</em></span> <span class='ocrx_word' id='word_1_107' title='bbox 712 859 803 891; x_wconf 82' lang='lat' dir='ltr'><em>cum</em></span> <span class='ocrx_word' id='word_1_108' title='bbox 813 845 1009 908; x_wconf 85' lang='lat' dir='ltr'><em>faciebus</em></span> <span class='ocrx_word' id='word_1_109' title='bbox 1033 848 1148 901; x_wconf 83' lang='lat' dir='ltr'><em>meis,</em></span> <span class='ocrx_word' id='word_1_110' title='bbox 1181 845 1237 894; x_wconf 84' lang='lat'><em>&amp;</em></span> <span class='ocrx_word' id='word_1_111' title='bbox 1260 844 1426 893; x_wconf 84' lang='lat' dir='ltr'><em>accidat</em></span> <span class='ocrx_word' id='word_1_112' title='bbox 1447 846 1512 894; x_wconf 83' lang='lat' dir='ltr'><em>illi</em></span> <span class='ocrx_word' id='word_1_113' title='bbox 1533 845 1750 902; x_wconf 83' lang='lat' dir='ltr'><em>damnum,</em></span> <span class='ocrx_word' id='word_1_114' title='bbox 1785 845 1842 895; x_wconf 79' lang='lat'><em>&amp;</em></span> <span class='ocrx_word' id='word_1_115' title='bbox 1866 844 2100 908; x_wconf 86' lang='lat' dir='ltr'><em>descendere</em></span> <span class='ocrx_word' id='word_1_116' title='bbox 2111 848 2288 909; x_wconf 77' lang='lat' dir='ltr'><em>facietis</em></span> <span class='ocrx_word' id='word_1_117' title='bbox 2309 858 2383 896; x_wconf 86' lang='lat' dir='ltr'><em>ca·</em></span> 
     </span>
     <span class='ocr_line' id='line_1_10' title="bbox 412 908 2391 974; baseline 0.004 -20"><span class='ocrx_word' id='word_1_118' title='bbox 412 910 558 955; x_wconf 80' lang='lat' dir='ltr'><em>nitiem</em></span> <span class='ocrx_word' id='word_1_119' title='bbox 577 925 708 955; x_wconf 88' lang='lat' dir='ltr'><em>meam</em></span> <span class='ocrx_word' id='word_1_120' title='bbox 725 912 771 956; x_wconf 90' lang='lat' dir='ltr'><em>in</em></span> <span class='ocrx_word' id='word_1_121' title='bbox 786 909 895 957; x_wconf 87' lang='lat' dir='ltr'><em>malo</em></span> <span class='ocrx_word' id='word_1_122' title='bbox 897 908 1180 974; x_wconf 71' lang='lat' dir='ltr'><em>sepulchrum.</em></span> <span class='ocrx_word' id='word_1_123' title='bbox 1248 912 1311 959; x_wconf 86' lang='lat' dir='ltr'><em>Et</em></span> <span class='ocrx_word' id='word_1_124' title='bbox 1327 926 1436 958; x_wconf 88' lang='lat' dir='ltr'><em>nunc</em></span> <span class='ocrx_word' id='word_1_125' title='bbox 1435 912 1552 971; x_wconf 84' lang='lat' dir='ltr'><em>ficut</em></span> <span class='ocrx_word' id='word_1_126' title='bbox 1568 926 1720 958; x_wconf 86' lang='lat' dir='ltr'><em>venero</em></span> <span class='ocrx_word' id='word_1_127' title='bbox 1737 911 1796 958; x_wconf 87' lang='lat' dir='ltr'><em>ad</em></span> <span class='ocrx_word' id='word_1_128' title='bbox 1797 914 1973 970; x_wconf 86' lang='lat' dir='ltr'><em>servum</em></span> <span class='ocrx_word' id='word_1_129' title='bbox 1989 921 2108 959; x_wconf 83' lang='lat' dir='ltr'><em>tuum</em></span> <span class='ocrx_word' id='word_1_130' title='bbox 2124 922 2290 974; x_wconf 83' lang='lat' dir='ltr'><em>patrem</em></span> <span class='ocrx_word' id='word_1_131' title='bbox 2306 928 2391 962; x_wconf 86' lang='lat' dir='ltr'><em>me-</em></span> 
     </span>
     <span class='ocr_line' id='line_1_11' title="bbox 413 973 2391 1042; baseline 0.003 -22"><span class='ocrx_word' id='word_1_132' title='bbox 413 988 502 1030; x_wconf 79' lang='lat' dir='ltr'><em>um,</em></span> <span class='ocrx_word' id='word_1_133' title='bbox 538 973 719 1035; x_wconf 82' lang='lat' dir='ltr'><em>&amp;puer</em></span> <span class='ocrx_word' id='word_1_134' title='bbox 740 990 822 1024; x_wconf 85' lang='lat' dir='ltr'><em>non</em></span> <span class='ocrx_word' id='word_1_135' title='bbox 845 975 915 1022; x_wconf 88' lang='lat' dir='ltr'><em>ille</em></span> <span class='ocrx_word' id='word_1_136' title='bbox 936 993 1031 1024; x_wconf 89' lang='lat' dir='ltr'><em>cum</em></span> <span class='ocrx_word' id='word_1_137' title='bbox 1053 977 1185 1034; x_wconf 83' lang='lat' dir='ltr'><em>nobis,</em></span> <span class='ocrx_word' id='word_1_138' title='bbox 1207 975 1264 1025; x_wconf 63' lang='grc' dir='ltr'><em>δέ’</em></span> <span class='ocrx_word' id='word_1_139' title='bbox 1285 979 1432 1024; x_wconf 86' lang='lat' dir='ltr'><em>anima</em></span> <span class='ocrx_word' id='word_1_140' title='bbox 1455 978 1544 1040; x_wconf 86' lang='lat' dir='ltr'><em>ejus</em></span> <span class='ocrx_word' id='word_1_141' title='bbox 1564 979 1712 1024; x_wconf 66' lang='lat' dir='ltr'><em>vineta</em></span> <span class='ocrx_word' id='word_1_142' title='bbox 1728 980 1771 1024; x_wconf 88' lang='lat' dir='ltr'><em>in</em></span> <span class='ocrx_word' id='word_1_143' title='bbox 1787 981 1931 1025; x_wconf 86' lang='lat' dir='ltr'><em>anima</em></span> <span class='ocrx_word' id='word_1_144' title='bbox 1949 978 2047 1042; x_wconf 86' lang='lat' dir='ltr'><em>ejus.</em></span> <span class='ocrx_word' id='word_1_145' title='bbox 2119 979 2183 1024; x_wconf 89' lang='lat' dir='ltr'><em>Et</em></span> <span class='ocrx_word' id='word_1_146' title='bbox 2203 980 2303 1035; x_wconf 87' lang='lat' dir='ltr'><em>erit,</em></span> <span class='ocrx_word' id='word_1_147' title='bbox 2335 978 2391 1033; x_wconf 76' lang='lat' dir='ltr'><em>fi-</em></span> 
     </span>
     <span class='ocr_line' id='line_1_12' title="bbox 411 1039 2397 1107; baseline 0.002 -20"><span class='ocrx_word' id='word_1_148' title='bbox 411 1049 483 1087; x_wconf 85' lang='lat' dir='ltr'><em>cut</em></span> <span class='ocrx_word' id='word_1_149' title='bbox 517 1039 663 1088; x_wconf 86' lang='lat' dir='ltr'><em>videre</em></span> <span class='ocrx_word' id='word_1_150' title='bbox 683 1056 792 1097; x_wconf 89' lang='lat' dir='ltr'><em>eum,</em></span> <span class='ocrx_word' id='word_1_151' title='bbox 827 1041 937 1106; x_wconf 87' lang='lat' dir='ltr'><em>quod</em></span> <span class='ocrx_word' id='word_1_152' title='bbox 951 1057 1030 1089; x_wconf 88' lang='lat' dir='ltr'><em>non</em></span> <span class='ocrx_word' id='word_1_153' title='bbox 1047 1053 1170 1104; x_wconf 89' lang='lat' dir='ltr'><em>puer,</em></span> <span class='ocrx_word' id='word_1_154' title='bbox 1205 1041 1262 1092; x_wconf 68' lang='lat'><em>{9²</em></span> <span class='ocrx_word' id='word_1_155' title='bbox 1284 1044 1502 1098; x_wconf 88' lang='lat' dir='ltr'><em>morietur,</em></span> <span class='ocrx_word' id='word_1_156' title='bbox 1538 1041 1594 1091; x_wconf 58' lang='grc' dir='ltr'>Β</span> <span class='ocrx_word' id='word_1_157' title='bbox 1615 1041 1851 1105; x_wconf 86' lang='lat' dir='ltr'><em>descendere</em></span> <span class='ocrx_word' id='word_1_158' title='bbox 1863 1044 2029 1107; x_wconf 86' lang='lat' dir='ltr'><em>facient</em></span> <span class='ocrx_word' id='word_1_159' title='bbox 2041 1043 2164 1105; x_wconf 78' lang='lat' dir='ltr'><em>servi</em></span> <span class='ocrx_word' id='word_1_160' title='bbox 2185 1046 2252 1090; x_wconf 87' lang='lat' dir='ltr'><em>tui</em></span> <span class='ocrx_word' id='word_1_161' title='bbox 2269 1046 2397 1092; x_wconf 65' lang='lat' dir='ltr'><em>cani-</em></span> 
     </span>
     <span class='ocr_line' id='line_1_13' title="bbox 410 1107 2395 1170; baseline 0.003 -19"><span class='ocrx_word' id='word_1_162' title='bbox 410 1107 510 1152; x_wconf 85' lang='lat' dir='ltr'><em>tiem</em></span> <span class='ocrx_word' id='word_1_163' title='bbox 524 1107 649 1167; x_wconf 74' lang='lat' dir='ltr'><em>servi</em></span> <span class='ocrx_word' id='word_1_164' title='bbox 671 1108 739 1153; x_wconf 85' lang='lat' dir='ltr'><em>tui</em></span> <span class='ocrx_word' id='word_1_165' title='bbox 752 1109 897 1168; x_wconf 87' lang='lat' dir='ltr'><em>patris</em></span> <span class='ocrx_word' id='word_1_166' title='bbox 918 1107 1046 1168; x_wconf 87' lang='lat' dir='ltr'><em>nostri</em></span> <span class='ocrx_word' id='word_1_167' title='bbox 1066 1111 1112 1154; x_wconf 91' lang='lat' dir='ltr'><em>in</em></span> <span class='ocrx_word' id='word_1_168' title='bbox 1133 1123 1311 1156; x_wconf 83' lang='lat' dir='ltr'><em>maerore</em></span> <span class='ocrx_word' id='word_1_169' title='bbox 1316 1108 1602 1170; x_wconf 82' lang='lat' dir='ltr'><em>sepulchrum.</em></span> <span class='ocrx_word' id='word_1_170' title='bbox 1673 1107 1733 1155; x_wconf 90' lang='lat' dir='ltr'><em>Et</em></span> <span class='ocrx_word' id='word_1_171' title='bbox 1751 1111 1925 1156; x_wconf 85' lang='lat' dir='ltr'><em>acceffit</em></span> <span class='ocrx_word' id='word_1_172' title='bbox 1951 1109 2008 1156; x_wconf 88' lang='lat' dir='ltr'><em>ad</em></span> <span class='ocrx_word' id='word_1_173' title='bbox 2031 1122 2137 1155; x_wconf 90' lang='lat' dir='ltr'><em>eum</em></span> <span class='ocrx_word' id='word_1_174' title='bbox 2160 1108 2395 1169; x_wconf 82' lang='lat' dir='ltr'><em>Jehudah,</em></span> 
     </span>
     <span class='ocr_line' id='line_1_14' title="bbox 384 1166 2391 1237; baseline 0.003 -20"><span class='ocrx_word' id='word_1_175' title='bbox 384 1188 386 1190; x_wconf 50' lang='lat'><strong><em>¹</em></strong></span> <span class='ocrx_word' id='word_1_176' title='bbox 408 1169 630 1232; x_wconf 81' lang='lat' dir='ltr'><em>fignificat</em></span> <span class='ocrx_word' id='word_1_177' title='bbox 640 1174 1107 1221; x_wconf 83' lang='lat' dir='ltr'><em>communicationem</em></span> <span class='ocrx_word' id='word_1_178' title='bbox 1118 1166 1309 1221; x_wconf 86' lang='lat' dir='ltr'><em>Externi</em></span> <span class='ocrx_word' id='word_1_179' title='bbox 1330 1173 1526 1221; x_wconf 87' lang='lat' dir='ltr'><em>hominis</em></span> <span class='ocrx_word' id='word_1_180' title='bbox 1543 1188 1646 1221; x_wconf 88' lang='lat' dir='ltr'><em>cum</em></span> <span class='ocrx_word' id='word_1_181' title='bbox 1667 1174 1852 1223; x_wconf 90' lang='lat' dir='ltr'><em>Interno</em></span> <span class='ocrx_word' id='word_1_182' title='bbox 1866 1189 1946 1237; x_wconf 86' lang='lat' dir='ltr'><em>per</em></span> <span class='ocrx_word' id='word_1_183' title='bbox 1965 1174 2166 1222; x_wconf 86' lang='lat' dir='ltr'><em>bonum:</em></span> <span class='ocrx_word' id='word_1_184' title='bbox 2185 1175 2235 1222; x_wconf 88' lang='lat'>&amp;</span> <span class='ocrx_word' id='word_1_185' title='bbox 2252 1176 2391 1233; x_wconf 81' lang='lat' dir='ltr'><em>dixit,</em></span> 
     </span>
     <span class='ocr_line' id='line_1_15' title="bbox 409 1236 2391 1302; baseline 0.004 -19"><span class='ocrx_word' id='word_1_186' title='bbox 409 1236 633 1298; x_wconf 80' lang='lat' dir='ltr'><em>fignificat</em></span> <span class='ocrx_word' id='word_1_187' title='bbox 656 1236 1027 1301; x_wconf 85' lang='lat' dir='ltr'><em>perceptionem:</em></span> <span class='ocrx_word' id='word_1_188' title='bbox 1063 1254 1145 1302; x_wconf 88' lang='lat' dir='ltr'><em>per</em></span> <span class='ocrx_word' id='word_1_189' title='bbox 1168 1254 1260 1296; x_wconf 88' lang='lat' dir='ltr'><em>me,</em></span> <span class='ocrx_word' id='word_1_190' title='bbox 1295 1239 1485 1287; x_wconf 87' lang='lat' dir='ltr'><em>domine</em></span> <span class='ocrx_word' id='word_1_191' title='bbox 1512 1241 1594 1294; x_wconf 90' lang='lat' dir='ltr'><em>mi,</em></span> <span class='ocrx_word' id='word_1_192' title='bbox 1635 1238 1853 1300; x_wconf 81' lang='lat' dir='ltr'><em>fignificat</em></span> <span class='ocrx_word' id='word_1_193' title='bbox 1876 1239 2288 1302; x_wconf 84' lang='lat' dir='ltr'><em>supplicationem:</em></span> <span class='ocrx_word' id='word_1_194' title='bbox 2322 1241 2391 1290; x_wconf 85' lang='lat' dir='ltr'><em>lo-</em></span> 
     </span>
     <span class='ocr_line' id='line_1_16' title="bbox 408 1302 2389 1370; baseline 0.003 -21"><span class='ocrx_word' id='word_1_195' title='bbox 408 1315 575 1365; x_wconf 83' lang='lat' dir='ltr'><em>quatur</em></span> <span class='ocrx_word' id='word_1_196' title='bbox 596 1302 751 1367; x_wconf 86' lang='lat' dir='ltr'><em>quaeso</em></span> <span class='ocrx_word' id='word_1_197' title='bbox 774 1303 926 1352; x_wconf 86' lang='lat' dir='ltr'><em>servus</em></span> <span class='ocrx_word' id='word_1_198' title='bbox 947 1317 1049 1353; x_wconf 90' lang='lat' dir='ltr'><em>tuus</em></span> <span class='ocrx_word' id='word_1_199' title='bbox 1071 1305 1263 1353; x_wconf 87' lang='lat' dir='ltr'><em>verbum</em></span> <span class='ocrx_word' id='word_1_200' title='bbox 1288 1306 1334 1352; x_wconf 90' lang='lat' dir='ltr'><em>in</em></span> <span class='ocrx_word' id='word_1_201' title='bbox 1357 1305 1535 1353; x_wconf 87' lang='lat' dir='ltr'><em>auribus</em></span> <span class='ocrx_word' id='word_1_202' title='bbox 1557 1305 1733 1353; x_wconf 89' lang='lat' dir='ltr'><em>domini</em></span> <span class='ocrx_word' id='word_1_203' title='bbox 1759 1305 1872 1362; x_wconf 89' lang='lat' dir='ltr'><em>mei,</em></span> <span class='ocrx_word' id='word_1_204' title='bbox 1909 1306 2133 1367; x_wconf 86' lang='lat' dir='ltr'><em>fignificat</em></span> <span class='ocrx_word' id='word_1_205' title='bbox 2155 1304 2212 1352; x_wconf 89' lang='lat' dir='ltr'><em>de</em></span> <span class='ocrx_word' id='word_1_206' title='bbox 2235 1321 2389 1370; x_wconf 50' lang='lat' dir='ltr'><em>recep?</em></span> 
     </span>
     <span class='ocr_line' id='line_1_17' title="bbox 407 1368 2392 1436; baseline 0.004 -23"><span class='ocrx_word' id='word_1_207' title='bbox 407 1368 533 1416; x_wconf 91' lang='lat' dir='ltr'><em>tione</em></span> <span class='ocrx_word' id='word_1_208' title='bbox 561 1370 611 1417; x_wconf 76' lang='grc' dir='ltr'><em>δε</em></span> <span class='ocrx_word' id='word_1_209' title='bbox 635 1368 901 1427; x_wconf 81' lang='lat' dir='ltr'><em>auditione:</em></span> <span class='ocrx_word' id='word_1_210' title='bbox 937 1371 988 1419; x_wconf 78' lang='grc' dir='ltr'><em>ὅτ</em></span> <span class='ocrx_word' id='word_1_211' title='bbox 1031 1386 1123 1418; x_wconf 92' lang='lat' dir='ltr'><em>non</em></span> <span class='ocrx_word' id='word_1_212' title='bbox 1147 1370 1417 1419; x_wconf 84' lang='lat' dir='ltr'><em>accendatur</em></span> <span class='ocrx_word' id='word_1_213' title='bbox 1438 1371 1502 1418; x_wconf 86' lang='lat' dir='ltr'><em>ira</em></span> <span class='ocrx_word' id='word_1_214' title='bbox 1525 1382 1601 1419; x_wconf 87' lang='lat' dir='ltr'><em>tua</em></span> <span class='ocrx_word' id='word_1_215' title='bbox 1633 1370 1679 1417; x_wconf 92' lang='lat' dir='ltr'><em>in</em></span> <span class='ocrx_word' id='word_1_216' title='bbox 1705 1369 1882 1418; x_wconf 88' lang='lat' dir='ltr'><em>servum</em></span> <span class='ocrx_word' id='word_1_217' title='bbox 1906 1382 2056 1428; x_wconf 88' lang='lat' dir='ltr'><em>tuum,</em></span> <span class='ocrx_word' id='word_1_218' title='bbox 2089 1370 2312 1436; x_wconf 80' lang='lat' dir='ltr'><em>significat</em></span> <span class='ocrx_word' id='word_1_219' title='bbox 2333 1387 2392 1420; x_wconf 82' lang='lat' dir='ltr'><em>ne</em></span> 
     </span>
     <span class='ocr_line' id='line_1_18' title="bbox 408 1434 2392 1510; baseline 0.002 -28"><span class='ocrx_word' id='word_1_220' title='bbox 408 1446 586 1482; x_wconf 82' lang='lat' dir='ltr'><em>avertat</em></span> <span class='ocrx_word' id='word_1_221' title='bbox 610 1434 650 1483; x_wconf 91' lang='lat' dir='ltr'><em>se</em></span> <span class='ocrx_word' id='word_1_222' title='bbox 670 1452 688 1498; x_wconf 42' lang='grc' dir='ltr'><em>εμ</em></span> <span class='ocrx_word' id='word_1_223' title='bbox 717 1434 827 1499; x_wconf 87' lang='lat' dir='ltr'><em>quia</em></span> <span class='ocrx_word' id='word_1_224' title='bbox 849 1436 962 1483; x_wconf 81' lang='lat' dir='ltr'><em>sicut</em></span> <span class='ocrx_word' id='word_1_225' title='bbox 985 1447 1036 1485; x_wconf 90' lang='lat' dir='ltr'><em>tu</em></span> <span class='ocrx_word' id='word_1_226' title='bbox 1059 1437 1170 1487; x_wconf 83' lang='lat' dir='ltr'><em>ficut</em></span> <span class='ocrx_word' id='word_1_227' title='bbox 1194 1436 1384 1492; x_wconf 87' lang='lat' dir='ltr'>Pharao,</span> <span class='ocrx_word' id='word_1_228' title='bbox 1423 1436 1646 1498; x_wconf 84' lang='lat' dir='ltr'><em>fignificat</em></span> <span class='ocrx_word' id='word_1_229' title='bbox 1665 1435 1790 1510; x_wconf 77' lang='lat' dir='ltr'><em>quod</em></span> <span class='ocrx_word' id='word_1_230' title='bbox 1814 1436 1855 1483; x_wconf 90' lang='lat' dir='ltr'><em>ei</em></span> <span class='ocrx_word' id='word_1_231' title='bbox 1875 1435 2136 1484; x_wconf 78' lang='lat' dir='ltr'><em>dominium</em></span> <span class='ocrx_word' id='word_1_232' title='bbox 2161 1435 2293 1501; x_wconf 89' lang='lat' dir='ltr'><em>super</em></span> <span class='ocrx_word' id='word_1_233' title='bbox 2316 1453 2392 1486; x_wconf 89' lang='lat' dir='ltr'><em>na·</em></span> 
     </span>
     <span class='ocr_line' id='line_1_19' title="bbox 411 1500 2394 1568; baseline 0.003 -23"><span class='ocrx_word' id='word_1_234' title='bbox 411 1500 582 1549; x_wconf 85' lang='lat' dir='ltr'><em>turale:</em></span> <span class='ocrx_word' id='word_1_235' title='bbox 616 1501 831 1549; x_wconf 84' lang='lat' dir='ltr'><em>dominus</em></span> <span class='ocrx_word' id='word_1_236' title='bbox 853 1517 982 1549; x_wconf 88' lang='lat' dir='ltr'><em>meus</em></span> <span class='ocrx_word' id='word_1_237' title='bbox 1000 1502 1297 1565; x_wconf 86' lang='lat' dir='ltr'><em>interrogavit</em></span> <span class='ocrx_word' id='word_1_238' title='bbox 1319 1502 1470 1550; x_wconf 83' lang='lat' dir='ltr'><em>servos</em></span> <span class='ocrx_word' id='word_1_239' title='bbox 1491 1502 1610 1558; x_wconf 88' lang='lat' dir='ltr'><em>suos,</em></span> <span class='ocrx_word' id='word_1_240' title='bbox 1645 1501 1858 1558; x_wconf 84' lang='lat' dir='ltr'><em>dicendo,</em></span> <span class='ocrx_word' id='word_1_241' title='bbox 1895 1502 2119 1565; x_wconf 86' lang='lat' dir='ltr'><em>fignificat</em></span> <span class='ocrx_word' id='word_1_242' title='bbox 2141 1502 2394 1568; x_wconf 90' lang='lat' dir='ltr'><em>perceptio-</em></span> 
     </span>
     <span class='ocr_line' id='line_1_20' title="bbox 405 1564 2391 1633; baseline 0.004 -21"><span class='ocrx_word' id='word_1_243' title='bbox 405 1580 513 1614; x_wconf 89' lang='lat' dir='ltr'><em>nem</em></span> <span class='ocrx_word' id='word_1_244' title='bbox 549 1566 839 1630; x_wconf 75' lang='lat' dir='ltr'><em>cogitationis</em></span> <span class='ocrx_word' id='word_1_245' title='bbox 861 1583 1021 1616; x_wconf 88' lang='lat' dir='ltr'><em>eorum</em></span> <span class='ocrx_word' id='word_1_246' title='bbox 1041 1585 1053 1616; x_wconf 89' lang='lat'><strong>:</strong></span> <span class='ocrx_word' id='word_1_247' title='bbox 1088 1584 1143 1615; x_wconf 87' lang='lat' dir='ltr'><em>an</em></span> <span class='ocrx_word' id='word_1_248' title='bbox 1167 1569 1221 1616; x_wconf 89' lang='lat' dir='ltr'><em>fit</em></span> <span class='ocrx_word' id='word_1_249' title='bbox 1242 1569 1373 1616; x_wconf 87' lang='lat' dir='ltr'><em>vobis</em></span> <span class='ocrx_word' id='word_1_250' title='bbox 1398 1564 1523 1632; x_wconf 87' lang='lat' dir='ltr'><em>pater</em></span> <span class='ocrx_word' id='word_1_251' title='bbox 1548 1568 1623 1615; x_wconf 87' lang='lat' dir='ltr'><em>vel</em></span> <span class='ocrx_word' id='word_1_252' title='bbox 1648 1568 1796 1623; x_wconf 87' lang='lat' dir='ltr'><em>frater,</em></span> <span class='ocrx_word' id='word_1_253' title='bbox 1832 1566 2051 1631; x_wconf 85' lang='lat' dir='ltr'><em>fignificat</em></span> <span class='ocrx_word' id='word_1_254' title='bbox 2073 1568 2200 1633; x_wconf 89' lang='lat' dir='ltr'><em>quod</em></span> <span class='ocrx_word' id='word_1_255' title='bbox 2223 1569 2280 1616; x_wconf 86' lang='lat' dir='ltr'><em>fit</em></span> <span class='ocrx_word' id='word_1_256' title='bbox 2307 1570 2391 1619; x_wconf 84' lang='lat' dir='ltr'><em>bo·</em></span> 
     </span>
     <span class='ocr_line' id='line_1_21' title="bbox 407 1632 2387 1699; baseline 0.003 -21"><span class='ocrx_word' id='word_1_257' title='bbox 407 1646 523 1679; x_wconf 88' lang='lat' dir='ltr'><em>num</em></span> <span class='ocrx_word' id='word_1_258' title='bbox 547 1648 572 1678; x_wconf 88' lang='lat' dir='ltr'><em>a</em></span> <span class='ocrx_word' id='word_1_259' title='bbox 593 1647 704 1696; x_wconf 80' lang='lat' dir='ltr'><em>qun,</em></span> <span class='ocrx_word' id='word_1_260' title='bbox 738 1632 787 1680; x_wconf 76' lang='grc' dir='ltr'><em>δε</em></span> <span class='ocrx_word' id='word_1_261' title='bbox 812 1648 969 1682; x_wconf 87' lang='lat' dir='ltr'><em>verum</em></span> <span class='ocrx_word' id='word_1_262' title='bbox 998 1649 1078 1699; x_wconf 90' lang='lat' dir='ltr'><em>per</em></span> <span class='ocrx_word' id='word_1_263' title='bbox 1094 1635 1222 1698; x_wconf 89' lang='lat' dir='ltr'><em>quod</em></span> <span class='ocrx_word' id='word_1_264' title='bbox 1246 1653 1258 1680; x_wconf 76' lang='grc' dir='ltr'><strong>ε</strong></span> <span class='ocrx_word' id='word_1_265' title='bbox 1293 1635 1343 1682; x_wconf 85' lang='lat'>&amp;</span> <span class='ocrx_word' id='word_1_266' title='bbox 1367 1633 1569 1682; x_wconf 84' lang='lat' dir='ltr'><em>diximus</em></span> <span class='ocrx_word' id='word_1_267' title='bbox 1591 1632 1646 1680; x_wconf 87' lang='lat' dir='ltr'><em>ad</em></span> <span class='ocrx_word' id='word_1_268' title='bbox 1671 1633 1920 1681; x_wconf 88' lang='lat' dir='ltr'><em>dominum</em></span> <span class='ocrx_word' id='word_1_269' title='bbox 1943 1649 2124 1690; x_wconf 86' lang='lat' dir='ltr'><em>meum,</em></span> <span class='ocrx_word' id='word_1_270' title='bbox 2160 1633 2387 1697; x_wconf 76' lang='lat' dir='ltr'><em>fignificat</em></span> 
     </span>
     <span class='ocr_line' id='line_1_22' title="bbox 408 1697 2386 1763; baseline 0.003 -19"><span class='ocrx_word' id='word_1_271' title='bbox 408 1697 685 1760; x_wconf 84' lang='lat' dir='ltr'><em>reciprocam</em></span> <span class='ocrx_word' id='word_1_272' title='bbox 709 1698 1076 1762; x_wconf 81' lang='lat' dir='ltr'><em>perceptionem:</em></span> <span class='ocrx_word' id='word_1_273' title='bbox 1112 1699 1176 1746; x_wconf 89' lang='lat' dir='ltr'><em>est</em></span> <span class='ocrx_word' id='word_1_274' title='bbox 1210 1701 1341 1749; x_wconf 89' lang='lat' dir='ltr'><em>nobis</em></span> <span class='ocrx_word' id='word_1_275' title='bbox 1364 1713 1491 1763; x_wconf 90' lang='lat' dir='ltr'><em>pater</em></span> <span class='ocrx_word' id='word_1_276' title='bbox 1517 1699 1661 1755; x_wconf 73' lang='lat' dir='ltr'><em>senex,</em></span> <span class='ocrx_word' id='word_1_277' title='bbox 1699 1699 1924 1761; x_wconf 81' lang='lat' dir='ltr'><em>significat</em></span> <span class='ocrx_word' id='word_1_278' title='bbox 1946 1699 2074 1763; x_wconf 91' lang='lat' dir='ltr'><em>quod</em></span> <span class='ocrx_word' id='word_1_279' title='bbox 2099 1698 2187 1747; x_wconf 86' lang='lat' dir='ltr'><em>illis</em></span> <span class='ocrx_word' id='word_1_280' title='bbox 2211 1701 2386 1749; x_wconf 88' lang='lat' dir='ltr'><em>bonum</em></span> 
     </span>
     <span class='ocr_line' id='line_1_23' title="bbox 404 1761 2389 1829; baseline 0.003 -19"><span class='ocrx_word' id='word_1_281' title='bbox 404 1761 629 1827; x_wconf 77' lang='lat' dir='ltr'><em>spirituale</em></span> <span class='ocrx_word' id='word_1_282' title='bbox 648 1779 672 1809; x_wconf 89' lang='lat' dir='ltr'><em>a</em></span> <span class='ocrx_word' id='word_1_283' title='bbox 686 1779 809 1827; x_wconf 89' lang='lat' dir='ltr'><em>quo:</em></span> <span class='ocrx_word' id='word_1_284' title='bbox 831 1765 881 1811; x_wconf 85' lang='lat'>&amp;</span> <span class='ocrx_word' id='word_1_285' title='bbox 899 1776 1026 1812; x_wconf 90' lang='lat' dir='ltr'><em>natus</em></span> <span class='ocrx_word' id='word_1_286' title='bbox 1043 1764 1325 1814; x_wconf 70' lang='lat' dir='ltr'><em>senectutum</em></span> <span class='ocrx_word' id='word_1_287' title='bbox 1349 1764 1580 1820; x_wconf 86' lang='lat' dir='ltr'><em>minimus,</em></span> <span class='ocrx_word' id='word_1_288' title='bbox 1603 1764 1828 1826; x_wconf 82' lang='lat' dir='ltr'><em>fignificat</em></span> <span class='ocrx_word' id='word_1_289' title='bbox 1845 1764 1950 1812; x_wconf 88' lang='lat' dir='ltr'><em>inde</em></span> <span class='ocrx_word' id='word_1_290' title='bbox 1969 1780 2126 1814; x_wconf 85' lang='lat' dir='ltr'><em>verum</em></span> <span class='ocrx_word' id='word_1_291' title='bbox 2150 1764 2277 1829; x_wconf 90' lang='lat' dir='ltr'><em>quod</em></span> <span class='ocrx_word' id='word_1_292' title='bbox 2301 1781 2389 1815; x_wconf 90' lang='lat' dir='ltr'><em>no·</em></span> 
     </span>
     <span class='ocr_line' id='line_1_24' title="bbox 406 1827 2390 1895; baseline 0.002 -20"><span class='ocrx_word' id='word_1_293' title='bbox 406 1829 550 1876; x_wconf 56' lang='lat' dir='ltr'><em>vum:</em></span> <span class='ocrx_word' id='word_1_294' title='bbox 586 1830 636 1877; x_wconf 76' lang='grc' dir='ltr'><em>δε</em></span> <span class='ocrx_word' id='word_1_295' title='bbox 660 1828 794 1877; x_wconf 85' lang='lat' dir='ltr'><em>frater</em></span> <span class='ocrx_word' id='word_1_296' title='bbox 815 1827 910 1894; x_wconf 86' lang='lat' dir='ltr'><em>ejus</em></span> <span class='ocrx_word' id='word_1_297' title='bbox 935 1843 1156 1888; x_wconf 73' lang='lat' dir='ltr'><em>mortum,</em></span> <span class='ocrx_word' id='word_1_298' title='bbox 1195 1831 1413 1894; x_wconf 79' lang='lat' dir='ltr'><em>significat</em></span> <span class='ocrx_word' id='word_1_299' title='bbox 1428 1831 1555 1895; x_wconf 91' lang='lat' dir='ltr'><em>quod</em></span> <span class='ocrx_word' id='word_1_300' title='bbox 1573 1831 1748 1878; x_wconf 88' lang='lat' dir='ltr'><em>bonurn</em></span> <span class='ocrx_word' id='word_1_301' title='bbox 1768 1830 1998 1879; x_wconf 86' lang='lat' dir='ltr'><em>internum</em></span> <span class='ocrx_word' id='word_1_302' title='bbox 2023 1846 2114 1878; x_wconf 87' lang='lat' dir='ltr'><em>non</em></span> <span class='ocrx_word' id='word_1_303' title='bbox 2138 1830 2220 1879; x_wconf 85' lang='lat' dir='ltr'><em>fit:</em></span> <span class='ocrx_word' id='word_1_304' title='bbox 2255 1831 2306 1879; x_wconf 85' lang='lat'>&amp;</span> <span class='ocrx_word' id='word_1_305' title='bbox 2323 1846 2390 1879; x_wconf 88' lang='lat' dir='ltr'><em>re-</em></span> 
     </span>
     <span class='ocr_line' id='line_1_25' title="bbox 405 1893 2389 1961; baseline 0.002 -20"><span class='ocrx_word' id='word_1_306' title='bbox 405 1893 541 1942; x_wconf 68' lang='lat' dir='ltr'><em>lietus</em></span> <span class='ocrx_word' id='word_1_307' title='bbox 559 1894 635 1942; x_wconf 89' lang='lat' dir='ltr'><em>ille</em></span> <span class='ocrx_word' id='word_1_308' title='bbox 654 1894 771 1942; x_wconf 91' lang='lat' dir='ltr'><em>solus</em></span> <span class='ocrx_word' id='word_1_309' title='bbox 790 1896 922 1943; x_wconf 89' lang='lat' dir='ltr'><em>matri</em></span> <span class='ocrx_word' id='word_1_310' title='bbox 942 1896 1050 1953; x_wconf 86' lang='lat' dir='ltr'><em>suae,</em></span> <span class='ocrx_word' id='word_1_311' title='bbox 1086 1896 1311 1959; x_wconf 85' lang='lat' dir='ltr'><em>fignificat</em></span> <span class='ocrx_word' id='word_1_312' title='bbox 1333 1898 1461 1961; x_wconf 87' lang='lat' dir='ltr'><em>quod</em></span> <span class='ocrx_word' id='word_1_313' title='bbox 1485 1896 1532 1944; x_wconf 88' lang='lat' dir='ltr'><em>id</em></span> <span class='ocrx_word' id='word_1_314' title='bbox 1556 1911 1719 1943; x_wconf 85' lang='lat' dir='ltr'><em>verum</em></span> <span class='ocrx_word' id='word_1_315' title='bbox 1744 1895 1888 1944; x_wconf 88' lang='lat' dir='ltr'><em>solum</em></span> <span class='ocrx_word' id='word_1_316' title='bbox 1907 1895 2146 1943; x_wconf 80' lang='lat' dir='ltr'><em>Ecclesiae:</em></span> <span class='ocrx_word' id='word_1_317' title='bbox 2182 1896 2233 1944; x_wconf 87' lang='lat'>&amp;</span> <span class='ocrx_word' id='word_1_318' title='bbox 2256 1907 2389 1960; x_wconf 82' lang='lat' dir='ltr'><em>pater</em></span> 
     </span>
     <span class='ocr_line' id='line_1_26' title="bbox 398 1959 2386 2026; baseline 0.002 -19"><span class='ocrx_word' id='word_1_319' title='bbox 398 1959 497 2026; x_wconf 80' lang='lat' dir='ltr'><em>ejus</em></span> <span class='ocrx_word' id='word_1_320' title='bbox 517 1971 641 2008; x_wconf 87' lang='lat' dir='ltr'><em>amat</em></span> <span class='ocrx_word' id='word_1_321' title='bbox 664 1960 813 2018; x_wconf 87' lang='lat' dir='ltr'><em>illum,</em></span> <span class='ocrx_word' id='word_1_322' title='bbox 848 1962 1073 2023; x_wconf 83' lang='lat' dir='ltr'><em>fignificat</em></span> <span class='ocrx_word' id='word_1_323' title='bbox 1090 1964 1215 2026; x_wconf 90' lang='lat' dir='ltr'><em>quod</em></span> <span class='ocrx_word' id='word_1_324' title='bbox 1250 1961 1513 2025; x_wconf 61' lang='lat' dir='ltr'><em>conjunfitio</em></span> <span class='ocrx_word' id='word_1_325' title='bbox 1535 1963 1577 2009; x_wconf 92' lang='lat' dir='ltr'><em>ei</em></span> <span class='ocrx_word' id='word_1_326' title='bbox 1601 1961 1655 2010; x_wconf 75' lang='lat' dir='ltr'><em>sit</em></span> <span class='ocrx_word' id='word_1_327' title='bbox 1675 1977 1785 2010; x_wconf 87' lang='lat' dir='ltr'><em>cum</em></span> <span class='ocrx_word' id='word_1_328' title='bbox 1809 1961 1933 2009; x_wconf 89' lang='lat' dir='ltr'><em>bono</em></span> <span class='ocrx_word' id='word_1_329' title='bbox 1955 1960 2171 2026; x_wconf 82' lang='lat' dir='ltr'><em>spirituali</em></span> <span class='ocrx_word' id='word_1_330' title='bbox 2210 1977 2235 2009; x_wconf 91' lang='lat' dir='ltr'><em>e</em></span> <span class='ocrx_word' id='word_1_331' title='bbox 2258 1975 2386 2011; x_wconf 88' lang='lat' dir='ltr'><em>natu·</em></span> 
     </span>
     <span class='ocr_line' id='line_1_27' title="bbox 404 2025 2391 2092; baseline 0 -15"><span class='ocrx_word' id='word_1_332' title='bbox 404 2027 516 2077; x_wconf 84' lang='lat' dir='ltr'><em>rali:</em></span> <span class='ocrx_word' id='word_1_333' title='bbox 551 2028 603 2074; x_wconf 76' lang='grc' dir='ltr'><em>δε</em></span> <span class='ocrx_word' id='word_1_334' title='bbox 625 2025 775 2073; x_wconf 88' lang='lat' dir='ltr'><em>dixisti</em></span> <span class='ocrx_word' id='word_1_335' title='bbox 798 2027 856 2075; x_wconf 91' lang='lat' dir='ltr'><em>ad</em></span> <span class='ocrx_word' id='word_1_336' title='bbox 880 2028 1026 2077; x_wconf 88' lang='lat' dir='ltr'><em>servos</em></span> <span class='ocrx_word' id='word_1_337' title='bbox 1047 2040 1165 2086; x_wconf 79' lang='lat' dir='ltr'><em>tuOS,</em></span> <span class='ocrx_word' id='word_1_338' title='bbox 1201 2027 1422 2091; x_wconf 86' lang='lat' dir='ltr'><em>fignificat</em></span> <span class='ocrx_word' id='word_1_339' title='bbox 1444 2028 1788 2092; x_wconf 84' lang='lat' dir='ltr'><em>perceptionem</em></span> <span class='ocrx_word' id='word_1_340' title='bbox 1811 2027 1965 2076; x_wconf 89' lang='lat' dir='ltr'><em>datam</em></span> <span class='ocrx_word' id='word_1_341' title='bbox 1987 2044 2000 2075; x_wconf 90' lang='lat'>:</span> <span class='ocrx_word' id='word_1_342' title='bbox 2033 2025 2299 2076; x_wconf 86' lang='lat' dir='ltr'><em>descendere</em></span> <span class='ocrx_word' id='word_1_343' title='bbox 2321 2026 2391 2077; x_wconf 90' lang='lat' dir='ltr'><em>fa·</em></span> 
     </span>
     <span class='ocr_line' id='line_1_28' title="bbox 406 2091 2389 2159; baseline 0.002 -19"><span class='ocrx_word' id='word_1_344' title='bbox 406 2093 497 2140; x_wconf 88' lang='lat' dir='ltr'><em>cite</em></span> <span class='ocrx_word' id='word_1_345' title='bbox 526 2091 658 2140; x_wconf 88' lang='lat' dir='ltr'><em>illum</em></span> <span class='ocrx_word' id='word_1_346' title='bbox 683 2091 740 2140; x_wconf 88' lang='lat' dir='ltr'><em>ad</em></span> <span class='ocrx_word' id='word_1_347' title='bbox 768 2108 860 2149; x_wconf 91' lang='lat' dir='ltr'><em>me,</em></span> <span class='ocrx_word' id='word_1_348' title='bbox 893 2094 1116 2156; x_wconf 88' lang='lat' dir='ltr'><em>fignificat</em></span> <span class='ocrx_word' id='word_1_349' title='bbox 1137 2095 1265 2159; x_wconf 91' lang='lat' dir='ltr'><em>quod</em></span> <span class='ocrx_word' id='word_1_350' title='bbox 1291 2109 1450 2142; x_wconf 88' lang='lat' dir='ltr'><em>verum</em></span> <span class='ocrx_word' id='word_1_351' title='bbox 1481 2094 1596 2142; x_wconf 90' lang='lat' dir='ltr'><em>illud</em></span> <span class='ocrx_word' id='word_1_352' title='bbox 1628 2093 1757 2158; x_wconf 91' lang='lat' dir='ltr'><em>quod</em></span> <span class='ocrx_word' id='word_1_353' title='bbox 1782 2108 1956 2141; x_wconf 90' lang='lat' dir='ltr'><em>novum</em></span> <span class='ocrx_word' id='word_1_354' title='bbox 1982 2091 2240 2157; x_wconf 86' lang='lat' dir='ltr'><em>subjicietur</em></span> <span class='ocrx_word' id='word_1_355' title='bbox 2262 2093 2389 2143; x_wconf 87' lang='lat' dir='ltr'><em>bono</em></span> 
     </span>
     <span class='ocr_line' id='line_1_29' title="bbox 407 2157 2390 2224; baseline 0.001 -16"><span class='ocrx_word' id='word_1_356' title='bbox 407 2160 616 2208; x_wconf 86' lang='lat' dir='ltr'><em>interno:</em></span> <span class='ocrx_word' id='word_1_357' title='bbox 652 2158 702 2205; x_wconf 86' lang='lat'>&amp;</span> <span class='ocrx_word' id='word_1_358' title='bbox 736 2173 904 2220; x_wconf 88' lang='lat' dir='ltr'><em>ponam</em></span> <span class='ocrx_word' id='word_1_359' title='bbox 927 2159 1110 2207; x_wconf 90' lang='lat' dir='ltr'><em>oculum</em></span> <span class='ocrx_word' id='word_1_360' title='bbox 1136 2176 1296 2208; x_wconf 90' lang='lat' dir='ltr'><em>meum</em></span> <span class='ocrx_word' id='word_1_361' title='bbox 1321 2159 1450 2224; x_wconf 88' lang='lat' dir='ltr'><em>super</em></span> <span class='ocrx_word' id='word_1_362' title='bbox 1474 2158 1622 2214; x_wconf 89' lang='lat' dir='ltr'><em>illurn,</em></span> <span class='ocrx_word' id='word_1_363' title='bbox 1659 2158 1883 2223; x_wconf 86' lang='lat' dir='ltr'><em>fignificat</em></span> <span class='ocrx_word' id='word_1_364' title='bbox 1906 2159 2136 2207; x_wconf 86' lang='lat' dir='ltr'><em>influxum</em></span> <span class='ocrx_word' id='word_1_365' title='bbox 2159 2171 2267 2206; x_wconf 91' lang='lat' dir='ltr'><em>tunc</em></span> <span class='ocrx_word' id='word_1_366' title='bbox 2289 2157 2390 2209; x_wconf 81' lang='lat' dir='ltr'><em>veri</em></span> 
     </span>
     <span class='ocr_line' id='line_1_30' title="bbox 404 2222 2386 2290; baseline 0 -18"><span class='ocrx_word' id='word_1_367' title='bbox 404 2239 432 2271; x_wconf 86' lang='lat' dir='ltr'><em>a</em></span> <span class='ocrx_word' id='word_1_368' title='bbox 450 2225 602 2272; x_wconf 86' lang='lat' dir='ltr'><em>bono:</em></span> <span class='ocrx_word' id='word_1_369' title='bbox 637 2224 688 2271; x_wconf 85' lang='lat'>&amp;</span> <span class='ocrx_word' id='word_1_370' title='bbox 704 2222 903 2272; x_wconf 84' lang='lat' dir='ltr'><em>diximus</em></span> <span class='ocrx_word' id='word_1_371' title='bbox 921 2225 979 2273; x_wconf 85' lang='lat' dir='ltr'><em>ad</em></span> <span class='ocrx_word' id='word_1_372' title='bbox 998 2225 1247 2275; x_wconf 87' lang='lat' dir='ltr'><em>dominum</em></span> <span class='ocrx_word' id='word_1_373' title='bbox 1267 2241 1439 2281; x_wconf 89' lang='lat' dir='ltr'><em>meum,</em></span> <span class='ocrx_word' id='word_1_374' title='bbox 1474 2225 1698 2287; x_wconf 76' lang='lat' dir='ltr'><em>significat</em></span> <span class='ocrx_word' id='word_1_375' title='bbox 1715 2225 2055 2290; x_wconf 85' lang='lat' dir='ltr'><em>perceptionem</em></span> <span class='ocrx_word' id='word_1_376' title='bbox 2075 2224 2351 2288; x_wconf 84' lang='lat' dir='ltr'><em>reciprocam</em></span> <span class='ocrx_word' id='word_1_377' title='bbox 2371 2241 2386 2272; x_wconf 70' lang='grc' dir='ltr'>ε</span> 
     </span>
     <span class='ocr_line' id='line_1_31' title="bbox 404 2290 2385 2355; baseline 0.001 -18"><span class='ocrx_word' id='word_1_378' title='bbox 404 2306 497 2338; x_wconf 90' lang='lat' dir='ltr'><em>non</em></span> <span class='ocrx_word' id='word_1_379' title='bbox 523 2290 668 2353; x_wconf 88' lang='lat' dir='ltr'><em>potest</em></span> <span class='ocrx_word' id='word_1_380' title='bbox 693 2290 1080 2355; x_wconf 85' lang='lat' dir='ltr'><em>puerrelinquere</em></span> <span class='ocrx_word' id='word_1_381' title='bbox 1103 2303 1276 2355; x_wconf 87' lang='lat' dir='ltr'><em>patrem</em></span> <span class='ocrx_word' id='word_1_382' title='bbox 1300 2290 1451 2348; x_wconf 77' lang='lat' dir='ltr'><em>suu&#39;m,</em></span> <span class='ocrx_word' id='word_1_383' title='bbox 1488 2291 1713 2353; x_wconf 86' lang='lat' dir='ltr'><em>fignificat</em></span> <span class='ocrx_word' id='word_1_384' title='bbox 1734 2290 1858 2354; x_wconf 90' lang='lat' dir='ltr'><em>quod</em></span> <span class='ocrx_word' id='word_1_385' title='bbox 1892 2306 2051 2338; x_wconf 88' lang='lat' dir='ltr'><em>verum</em></span> <span class='ocrx_word' id='word_1_386' title='bbox 2078 2290 2191 2338; x_wconf 85' lang='lat' dir='ltr'><em>illud</em></span> <span class='ocrx_word' id='word_1_387' title='bbox 2213 2306 2238 2337; x_wconf 88' lang='lat' dir='ltr'><em>a</em></span> <span class='ocrx_word' id='word_1_388' title='bbox 2261 2290 2385 2339; x_wconf 88' lang='lat' dir='ltr'><em>bono</em></span> 
     </span>
     <span class='ocr_line' id='line_1_32' title="bbox 405 2355 2386 2421; baseline 0 -16"><span class='ocrx_word' id='word_1_389' title='bbox 405 2355 622 2418; x_wconf 87' lang='lat' dir='ltr'><em>spirituali</em></span> <span class='ocrx_word' id='word_1_390' title='bbox 647 2355 833 2418; x_wconf 89' lang='lat' dir='ltr'><em>separari</em></span> <span class='ocrx_word' id='word_1_391' title='bbox 858 2368 1081 2421; x_wconf 84' lang='lat' dir='ltr'><em>nequeat:</em></span> <span class='ocrx_word' id='word_1_392' title='bbox 1117 2358 1167 2404; x_wconf 85' lang='lat'>&amp;</span> <span class='ocrx_word' id='word_1_393' title='bbox 1192 2357 1413 2421; x_wconf 86' lang='lat' dir='ltr'><em>relinquat</em></span> <span class='ocrx_word' id='word_1_394' title='bbox 1436 2368 1609 2420; x_wconf 88' lang='lat' dir='ltr'><em>patrem</em></span> <span class='ocrx_word' id='word_1_395' title='bbox 1634 2356 1785 2412; x_wconf 89' lang='lat' dir='ltr'><em>suum,</em></span> <span class='ocrx_word' id='word_1_396' title='bbox 1821 2357 1871 2404; x_wconf 87' lang='lat'>&amp;</span> <span class='ocrx_word' id='word_1_397' title='bbox 1895 2357 2128 2412; x_wconf 89' lang='lat' dir='ltr'><em>morietur,</em></span> <span class='ocrx_word' id='word_1_398' title='bbox 2161 2356 2386 2420; x_wconf 86' lang='lat' dir='ltr'><em>fignificat</em></span> 
     </span>
     <span class='ocr_line' id='line_1_33' title="bbox 406 2420 2388 2487; baseline 0.001 -17"><span class='ocrx_word' id='word_1_399' title='bbox 406 2423 439 2470; x_wconf 80' lang='lat' dir='ltr'><em>si</em></span> <span class='ocrx_word' id='word_1_400' title='bbox 465 2421 737 2485; x_wconf 84' lang='lat' dir='ltr'><em>separaretur</em></span> <span class='ocrx_word' id='word_1_401' title='bbox 769 2421 896 2484; x_wconf 91' lang='lat' dir='ltr'><em>quod</em></span> <span class='ocrx_word' id='word_1_402' title='bbox 931 2423 1094 2485; x_wconf 89' lang='lat' dir='ltr'><em>periret</em></span> <span class='ocrx_word' id='word_1_403' title='bbox 1119 2422 1348 2470; x_wconf 80' lang='lat' dir='ltr'><em>Ecclesia:</em></span> <span class='ocrx_word' id='word_1_404' title='bbox 1385 2423 1435 2470; x_wconf 87' lang='lat'>&amp;</span> <span class='ocrx_word' id='word_1_405' title='bbox 1456 2420 1610 2470; x_wconf 83' lang='lat' dir='ltr'><em>dixisti</em></span> <span class='ocrx_word' id='word_1_406' title='bbox 1633 2422 1690 2469; x_wconf 88' lang='lat' dir='ltr'><em>ad</em></span> <span class='ocrx_word' id='word_1_407' title='bbox 1716 2421 1864 2469; x_wconf 85' lang='lat' dir='ltr'><em>servos</em></span> <span class='ocrx_word' id='word_1_408' title='bbox 1887 2434 2007 2479; x_wconf 89' lang='lat' dir='ltr'><em>tuos,</em></span> <span class='ocrx_word' id='word_1_409' title='bbox 2044 2422 2264 2485; x_wconf 83' lang='lat' dir='ltr'><em>fignificat</em></span> <span class='ocrx_word' id='word_1_410' title='bbox 2287 2437 2388 2487; x_wconf 82' lang='lat' dir='ltr'><em>per·</em></span> 
     </span>
     <span class='ocr_line' id='line_1_34' title="bbox 410 2486 2386 2550; baseline -0.001 -14"><span class='ocrx_word' id='word_1_411' title='bbox 410 2488 670 2550; x_wconf 87' lang='lat' dir='ltr'><em>ceptionem</em></span> <span class='ocrx_word' id='word_1_412' title='bbox 695 2486 753 2532; x_wconf 88' lang='lat' dir='ltr'><em>de</em></span> <span class='ocrx_word' id='word_1_413' title='bbox 777 2487 850 2534; x_wconf 89' lang='lat' dir='ltr'><em>illa</em></span> <span class='ocrx_word' id='word_1_414' title='bbox 874 2502 941 2535; x_wconf 89' lang='lat' dir='ltr'><em>re:</em></span> <span class='ocrx_word' id='word_1_415' title='bbox 965 2487 1100 2536; x_wconf 89' lang='lat' dir='ltr'><em>finon</em></span> <span class='ocrx_word' id='word_1_416' title='bbox 1123 2488 1364 2537; x_wconf 90' lang='lat' dir='ltr'><em>descendat</em></span> <span class='ocrx_word' id='word_1_417' title='bbox 1380 2487 1518 2535; x_wconf 90' lang='lat' dir='ltr'><em>frater</em></span> <span class='ocrx_word' id='word_1_418' title='bbox 1538 2487 1683 2535; x_wconf 88' lang='lat' dir='ltr'><em>vester</em></span> <span class='ocrx_word' id='word_1_419' title='bbox 1699 2488 1915 2535; x_wconf 88' lang='lat' dir='ltr'><em>minimus</em></span> <span class='ocrx_word' id='word_1_420' title='bbox 1931 2502 2036 2536; x_wconf 89' lang='lat' dir='ltr'><em>cum</em></span> <span class='ocrx_word' id='word_1_421' title='bbox 2058 2489 2207 2543; x_wconf 86' lang='lat' dir='ltr'><em>vobis,</em></span> <span class='ocrx_word' id='word_1_422' title='bbox 2232 2486 2386 2550; x_wconf 78' lang='lat' dir='ltr'><em>signi--</em></span> 
     </span>
     <span class='ocr_line' id='line_1_35' title="bbox 407 2551 2383 2615; baseline 0.002 -15"><span class='ocrx_word' id='word_1_423' title='bbox 407 2554 512 2601; x_wconf 85' lang='lat' dir='ltr'><em>ficat</em></span> <span class='ocrx_word' id='word_1_424' title='bbox 551 2552 582 2599; x_wconf 82' lang='lat' dir='ltr'><strong>fi</strong></span> <span class='ocrx_word' id='word_1_425' title='bbox 605 2568 696 2599; x_wconf 93' lang='lat' dir='ltr'><em>non</em></span> <span class='ocrx_word' id='word_1_426' title='bbox 720 2551 975 2614; x_wconf 88' lang='lat' dir='ltr'><em>subjiciatur</em></span> <span class='ocrx_word' id='word_1_427' title='bbox 998 2555 1120 2601; x_wconf 93' lang='lat' dir='ltr'><em>bono</em></span> <span class='ocrx_word' id='word_1_428' title='bbox 1142 2555 1342 2602; x_wconf 87' lang='lat' dir='ltr'><em>interno:</em></span> <span class='ocrx_word' id='word_1_429' title='bbox 1379 2568 1469 2601; x_wconf 89' lang='lat' dir='ltr'><em>non</em></span> <span class='ocrx_word' id='word_1_430' title='bbox 1493 2553 1664 2601; x_wconf 87' lang='lat' dir='ltr'><em>addetis</em></span> <span class='ocrx_word' id='word_1_431' title='bbox 1688 2553 1842 2601; x_wconf 85' lang='lat' dir='ltr'><em>videre</em></span> <span class='ocrx_word' id='word_1_432' title='bbox 1874 2551 2004 2601; x_wconf 83' lang='lat' dir='ltr'><em>facies</em></span> <span class='ocrx_word' id='word_1_433' title='bbox 2041 2569 2176 2610; x_wconf 83' lang='lat' dir='ltr'><em>meas,</em></span> <span class='ocrx_word' id='word_1_434' title='bbox 2211 2553 2383 2615; x_wconf 84' lang='lat' dir='ltr'><em>fignifi-</em></span> 
     </span>
     <span class='ocr_line' id='line_1_36' title="bbox 406 2617 2384 2683; baseline -0.001 -16"><span class='ocrx_word' id='word_1_435' title='bbox 406 2632 476 2667; x_wconf 89' lang='lat' dir='ltr'><em>cat</em></span> <span class='ocrx_word' id='word_1_436' title='bbox 501 2617 628 2682; x_wconf 87' lang='lat' dir='ltr'><em>quod</em></span> <span class='ocrx_word' id='word_1_437' title='bbox 657 2617 712 2664; x_wconf 86' lang='lat' dir='ltr'><em>fic</em></span> <span class='ocrx_word' id='word_1_438' title='bbox 736 2618 858 2666; x_wconf 91' lang='lat' dir='ltr'><em>nulla</em></span> <span class='ocrx_word' id='word_1_439' title='bbox 883 2618 1179 2671; x_wconf 82' lang='lat' dir='ltr'><em>misericordia</em></span> <span class='ocrx_word' id='word_1_440' title='bbox 1214 2622 1263 2668; x_wconf 78' lang='grc' dir='ltr'><em>ὅτ,</em></span> <span class='ocrx_word' id='word_1_441' title='bbox 1297 2618 1560 2683; x_wconf 65' lang='lat' dir='ltr'><em>conjunctio</em></span> <span class='ocrx_word' id='word_1_442' title='bbox 1590 2635 1697 2667; x_wconf 89' lang='lat' dir='ltr'><em>cum</em></span> <span class='ocrx_word' id='word_1_443' title='bbox 1730 2618 1846 2666; x_wconf 86' lang='lat' dir='ltr'><em>veris</em></span> <span class='ocrx_word' id='word_1_444' title='bbox 1872 2621 1918 2666; x_wconf 92' lang='lat' dir='ltr'><em>in</em></span> <span class='ocrx_word' id='word_1_445' title='bbox 1941 2618 2161 2668; x_wconf 88' lang='lat' dir='ltr'><em>naturali:</em></span> <span class='ocrx_word' id='word_1_446' title='bbox 2198 2620 2248 2667; x_wconf 87' lang='lat'>&amp;</span> <span class='ocrx_word' id='word_1_447' title='bbox 2275 2617 2384 2676; x_wconf 77' lang='lat' dir='ltr'><em>fuit,</em></span> 
     </span>
     <span class='ocr_line' id='line_1_37' title="bbox 405 2682 2384 2748; baseline -0.001 -15"><span class='ocrx_word' id='word_1_448' title='bbox 405 2700 513 2733; x_wconf 89' lang='lat' dir='ltr'><em>cum</em></span> <span class='ocrx_word' id='word_1_449' title='bbox 539 2682 817 2731; x_wconf 86' lang='lat' dir='ltr'><em>ascendimus</em></span> <span class='ocrx_word' id='word_1_450' title='bbox 835 2683 891 2730; x_wconf 92' lang='lat' dir='ltr'><em>ad</em></span> <span class='ocrx_word' id='word_1_451' title='bbox 916 2682 1093 2732; x_wconf 85' lang='lat' dir='ltr'><em>servum</em></span> <span class='ocrx_word' id='word_1_452' title='bbox 1117 2697 1252 2733; x_wconf 87' lang='lat' dir='ltr'><em>tuum</em></span> <span class='ocrx_word' id='word_1_453' title='bbox 1271 2697 1442 2748; x_wconf 89' lang='lat' dir='ltr'><em>patrem</em></span> <span class='ocrx_word' id='word_1_454' title='bbox 1465 2700 1640 2742; x_wconf 89' lang='lat' dir='ltr'><em>meum,</em></span> <span class='ocrx_word' id='word_1_455' title='bbox 1661 2684 1886 2746; x_wconf 87' lang='lat' dir='ltr'><em>fignificat</em></span> <span class='ocrx_word' id='word_1_456' title='bbox 1906 2684 2211 2732; x_wconf 88' lang='lat' dir='ltr'><em>elevationem</em></span> <span class='ocrx_word' id='word_1_457' title='bbox 2233 2682 2287 2730; x_wconf 88' lang='lat' dir='ltr'><em>ad</em></span> <span class='ocrx_word' id='word_1_458' title='bbox 2303 2684 2384 2731; x_wconf 89' lang='lat' dir='ltr'><em>bo-</em></span> 
     </span>
     <span class='ocr_line' id='line_1_38' title="bbox 411 2748 2387 2813; baseline -0.001 -13"><span class='ocrx_word' id='word_1_459' title='bbox 411 2767 522 2800; x_wconf 81' lang='lat' dir='ltr'><em>num</em></span> <span class='ocrx_word' id='word_1_460' title='bbox 546 2748 768 2812; x_wconf 85' lang='lat' dir='ltr'><em>spirituale</em></span> <span class='ocrx_word' id='word_1_461' title='bbox 793 2766 803 2794; x_wconf 71' lang='grc' dir='ltr'>ε</span> <span class='ocrx_word' id='word_1_462' title='bbox 839 2750 889 2795; x_wconf 87' lang='lat'>&amp;</span> <span class='ocrx_word' id='word_1_463' title='bbox 912 2750 1215 2798; x_wconf 88' lang='lat' dir='ltr'><em>indicavimus</em></span> <span class='ocrx_word' id='word_1_464' title='bbox 1238 2751 1372 2798; x_wconf 83' lang='lat' dir='ltr'><em>verba</em></span> <span class='ocrx_word' id='word_1_465' title='bbox 1395 2750 1573 2797; x_wconf 89' lang='lat' dir='ltr'><em>domini</em></span> <span class='ocrx_word' id='word_1_466' title='bbox 1605 2751 1714 2806; x_wconf 89' lang='lat' dir='ltr'><em>mei,</em></span> <span class='ocrx_word' id='word_1_467' title='bbox 1750 2749 1969 2813; x_wconf 81' lang='lat' dir='ltr'><em>fignificat</em></span> <span class='ocrx_word' id='word_1_468' title='bbox 2004 2749 2318 2812; x_wconf 86' lang='lat' dir='ltr'><em>cognitionem</em></span> <span class='ocrx_word' id='word_1_469' title='bbox 2338 2765 2387 2799; x_wconf 85' lang='lat' dir='ltr'><em>e-</em></span> 
     </span>
     <span class='ocr_line' id='line_1_39' title="bbox 404 2813 2390 2884; baseline -0.001 -21"><span class='ocrx_word' id='word_1_470' title='bbox 404 2816 478 2884; x_wconf 83' lang='lat' dir='ltr'><em>jus</em></span> <span class='ocrx_word' id='word_1_471' title='bbox 497 2816 560 2863; x_wconf 90' lang='lat' dir='ltr'><em>rei</em></span> <span class='ocrx_word' id='word_1_472' title='bbox 588 2831 598 2860; x_wconf 90' lang='lat'>:</span> <span class='ocrx_word' id='word_1_473' title='bbox 634 2815 683 2862; x_wconf 76' lang='grc' dir='ltr'><em>δε</em></span> <span class='ocrx_word' id='word_1_474' title='bbox 697 2814 815 2863; x_wconf 88' lang='lat' dir='ltr'><em>dixit</em></span> <span class='ocrx_word' id='word_1_475' title='bbox 833 2828 955 2876; x_wconf 84' lang='lat' dir='ltr'><em>pater</em></span> <span class='ocrx_word' id='word_1_476' title='bbox 971 2816 1132 2872; x_wconf 84' lang='lat' dir='ltr'><em>noster,</em></span> <span class='ocrx_word' id='word_1_477' title='bbox 1169 2816 1386 2879; x_wconf 82' lang='lat' dir='ltr'><em>fignificat</em></span> <span class='ocrx_word' id='word_1_478' title='bbox 1404 2815 1799 2879; x_wconf 87' lang='lat' dir='ltr'><em>apperceptionem</em></span> <span class='ocrx_word' id='word_1_479' title='bbox 1818 2830 1873 2862; x_wconf 87' lang='lat' dir='ltr'><em>ex</em></span> <span class='ocrx_word' id='word_1_480' title='bbox 1892 2816 2015 2863; x_wconf 91' lang='lat' dir='ltr'><em>bono</em></span> <span class='ocrx_word' id='word_1_481' title='bbox 2040 2813 2253 2877; x_wconf 85' lang='lat' dir='ltr'><em>spirituali</em></span> <span class='ocrx_word' id='word_1_482' title='bbox 2273 2831 2286 2861; x_wconf 77' lang='grc' dir='ltr'>ε</span> <span class='ocrx_word' id='word_1_483' title='bbox 2321 2830 2390 2863; x_wconf 92' lang='lat' dir='ltr'><em>re-</em></span> 
     </span>
     <span class='ocr_line' id='line_1_40' title="bbox 412 2879 2382 2944; baseline 0.003 -19"><span class='ocrx_word' id='word_1_484' title='bbox 412 2879 661 2935; x_wconf 87' lang='lat' dir='ltr'><em>vertimini,</em></span> <span class='ocrx_word' id='word_1_485' title='bbox 685 2881 825 2928; x_wconf 89' lang='lat' dir='ltr'><em>emite</em></span> <span class='ocrx_word' id='word_1_486' title='bbox 843 2881 969 2927; x_wconf 90' lang='lat' dir='ltr'><em>nobis</em></span> <span class='ocrx_word' id='word_1_487' title='bbox 989 2897 1147 2944; x_wconf 88' lang='lat' dir='ltr'><em>parum</em></span> <span class='ocrx_word' id='word_1_488' title='bbox 1166 2882 1274 2938; x_wconf 79' lang='lat' dir='ltr'><em>cibi,</em></span> <span class='ocrx_word' id='word_1_489' title='bbox 1296 2881 1517 2944; x_wconf 85' lang='lat' dir='ltr'><em>fignificat</em></span> <span class='ocrx_word' id='word_1_490' title='bbox 1526 2880 1650 2944; x_wconf 88' lang='lat' dir='ltr'><em>quod</em></span> <span class='ocrx_word' id='word_1_491' title='bbox 1667 2879 2052 2944; x_wconf 87' lang='lat' dir='ltr'><em>appropriandurn</em></span> <span class='ocrx_word' id='word_1_492' title='bbox 2068 2880 2242 2927; x_wconf 90' lang='lat' dir='ltr'><em>bonum</em></span> <span class='ocrx_word' id='word_1_493' title='bbox 2264 2880 2382 2930; x_wconf 87' lang='lat' dir='ltr'><em>veri:</em></span> 
     </span>
     <span class='ocr_line' id='line_1_41' title="bbox 410 2944 2384 3008; baseline -0.001 -13"><span class='ocrx_word' id='word_1_494' title='bbox 410 2949 461 2995; x_wconf 70' lang='grc' dir='ltr'><em>ὅτ</em></span> <span class='ocrx_word' id='word_1_495' title='bbox 484 2946 703 3001; x_wconf 74' lang='lat' dir='ltr'><em>diximus,</em></span> <span class='ocrx_word' id='word_1_496' title='bbox 739 2961 827 2992; x_wconf 89' lang='lat' dir='ltr'><em>non</em></span> <span class='ocrx_word' id='word_1_497' title='bbox 870 2946 1103 3006; x_wconf 84' lang='lat' dir='ltr'><em>possumus</em></span> <span class='ocrx_word' id='word_1_498' title='bbox 1118 2946 1415 3003; x_wconf 70' lang='lat' dir='ltr'><em>=descendere,</em></span> <span class='ocrx_word' id='word_1_499' title='bbox 1457 2946 1677 3007; x_wconf 80' lang='lat' dir='ltr'><em>fignificat</em></span> <span class='ocrx_word' id='word_1_500' title='bbox 1713 2944 2044 3008; x_wconf 66' lang='lat' dir='ltr'><em>objectionem:</em></span> <span class='ocrx_word' id='word_1_501' title='bbox 2099 2944 2132 2992; x_wconf 88' lang='lat' dir='ltr'>fi</span> <span class='ocrx_word' id='word_1_502' title='bbox 2171 2945 2221 2993; x_wconf 87' lang='lat' dir='ltr'><em>fit</em></span> <span class='ocrx_word' id='word_1_503' title='bbox 2243 2944 2384 2994; x_wconf 86' lang='lat' dir='ltr'><em>frater</em></span> 
     </span>
     <span class='ocr_line' id='line_1_42' title="bbox 413 3009 2381 3074; baseline 0 -15"><span class='ocrx_word' id='word_1_504' title='bbox 413 3013 558 3059; x_wconf 82' lang='lat' dir='ltr'><em>noster</em></span> <span class='ocrx_word' id='word_1_505' title='bbox 583 3012 796 3058; x_wconf 89' lang='lat' dir='ltr'><em>minimus</em></span> <span class='ocrx_word' id='word_1_506' title='bbox 819 3026 922 3057; x_wconf 90' lang='lat' dir='ltr'><em>cum</em></span> <span class='ocrx_word' id='word_1_507' title='bbox 947 3012 1094 3068; x_wconf 82' lang='lat' dir='ltr'><em>nobis,</em></span> <span class='ocrx_word' id='word_1_508' title='bbox 1137 3013 1185 3060; x_wconf 73' lang='grc' dir='ltr'><em>ὅτ</em></span> <span class='ocrx_word' id='word_1_509' title='bbox 1216 3011 1556 3067; x_wconf 71' lang='lat' dir='ltr'><em>descendemus,</em></span> <span class='ocrx_word' id='word_1_510' title='bbox 1592 3011 1822 3074; x_wconf 65' lang='lat' dir='ltr'><em>significat</em></span> <span class='ocrx_word' id='word_1_511' title='bbox 1857 3010 1936 3058; x_wconf 80' lang='lat' dir='ltr'><em>nisi</em></span> <span class='ocrx_word' id='word_1_512' title='bbox 1965 3025 2054 3056; x_wconf 90' lang='lat' dir='ltr'><em>una</em></span> <span class='ocrx_word' id='word_1_513' title='bbox 2093 3009 2145 3059; x_wconf 87' lang='lat' dir='ltr'><em>fit</em></span> <span class='ocrx_word' id='word_1_514' title='bbox 2174 3011 2381 3061; x_wconf 87' lang='lat' dir='ltr'><em>medium</em></span> 
     </span>
     <span class='ocr_line' id='line_1_43' title="bbox 408 3074 2385 3141; baseline 0.001 -17"><span class='ocrx_word' id='word_1_515' title='bbox 408 3077 715 3138; x_wconf 73' lang='lat' dir='ltr'><em>coniungens:</em></span> <span class='ocrx_word' id='word_1_516' title='bbox 751 3074 860 3139; x_wconf 83' lang='lat' dir='ltr'><em>quia</em></span> <span class='ocrx_word' id='word_1_517' title='bbox 883 3091 972 3123; x_wconf 88' lang='lat' dir='ltr'><em>non</em></span> <span class='ocrx_word' id='word_1_518' title='bbox 1003 3077 1236 3141; x_wconf 54' lang='lat' dir='ltr'><em>pessumus</em></span> <span class='ocrx_word' id='word_1_519' title='bbox 1260 3077 1413 3123; x_wconf 89' lang='lat' dir='ltr'><em>videre</em></span> <span class='ocrx_word' id='word_1_520' title='bbox 1438 3075 1570 3122; x_wconf 84' lang='lat' dir='ltr'><em>facies</em></span> <span class='ocrx_word' id='word_1_521' title='bbox 1592 3078 1698 3133; x_wconf 87' lang='lat' dir='ltr'><em>viri,</em></span> <span class='ocrx_word' id='word_1_522' title='bbox 1737 3075 2082 3139; x_wconf 83' lang='lat' dir='ltr'><em>significat&#39;quia</em></span> <span class='ocrx_word' id='word_1_523' title='bbox 2106 3076 2224 3123; x_wconf 89' lang='lat' dir='ltr'><em>nulla</em></span> <span class='ocrx_word' id='word_1_524' title='bbox 2250 3077 2385 3127; x_wconf 56' lang='lat' dir='ltr'><em>mise-t</em></span> 
     </span>
     <span class='ocr_line' id='line_1_44' title="bbox 410 3140 2383 3205; baseline 0.001 -17"><span class='ocrx_word' id='word_1_525' title='bbox 410 3143 602 3192; x_wconf 72' lang='lat' dir='ltr'><em>ricorclia</em></span> <span class='ocrx_word' id='word_1_526' title='bbox 623 3143 670 3189; x_wconf 88' lang='lat'>&amp;</span> <span class='ocrx_word' id='word_1_527' title='bbox 690 3140 946 3205; x_wconf 64' lang='lat' dir='ltr'><em>conjunftio</em></span> <span class='ocrx_word' id='word_1_528' title='bbox 967 3159 978 3188; x_wconf 74' lang='grc' dir='ltr'><strong><em>ε</em></strong></span> <span class='ocrx_word' id='word_1_529' title='bbox 1015 3144 1063 3189; x_wconf 85' lang='lat'>&amp;</span> <span class='ocrx_word' id='word_1_530' title='bbox 1091 3142 1225 3189; x_wconf 85' lang='lat' dir='ltr'><em>frater</em></span> <span class='ocrx_word' id='word_1_531' title='bbox 1243 3143 1387 3189; x_wconf 85' lang='lat' dir='ltr'><em>noster</em></span> <span class='ocrx_word' id='word_1_532' title='bbox 1408 3142 1624 3188; x_wconf 82' lang='lat' dir='ltr'><em>minimus</em></span> <span class='ocrx_word' id='word_1_533' title='bbox 1643 3157 1732 3188; x_wconf 90' lang='lat' dir='ltr'><em>non</em></span> <span class='ocrx_word' id='word_1_534' title='bbox 1757 3141 1830 3187; x_wconf 88' lang='lat' dir='ltr'><em>ille</em></span> <span class='ocrx_word' id='word_1_535' title='bbox 1853 3157 1961 3188; x_wconf 91' lang='lat' dir='ltr'><em>cum</em></span> <span class='ocrx_word' id='word_1_536' title='bbox 1983 3142 2126 3197; x_wconf 80' lang='lat' dir='ltr'><em>nobis,</em></span> <span class='ocrx_word' id='word_1_537' title='bbox 2165 3141 2383 3204; x_wconf 83' lang='lat' dir='ltr'><em>fignificat</em></span> 
     </span>
    </p>
   </div>
   <div class='ocr_carea' id='block_1_2' title="bbox 401 3206 2381 3324">
    <p class='ocr_par' dir='ltr' id='par_1_2' title="bbox 401 3206 2381 3324">
     <span class='ocr_line' id='line_1_45' title="bbox 401 3206 2381 3281; baseline 0.002 -27"><span class='ocrx_word' id='word_1_538' title='bbox 401 3210 491 3263; x_wconf 74' lang='lat' dir='ltr'><em>fnifi</em></span> <span class='ocrx_word' id='word_1_539' title='bbox 524 3224 607 3277; x_wconf 85' lang='lat' dir='ltr'><em>per</em></span> <span class='ocrx_word' id='word_1_540' title='bbox 646 3207 880 3260; x_wconf 86' lang='lat' dir='ltr'><em>medium:</em></span> <span class='ocrx_word' id='word_1_541' title='bbox 919 3208 970 3257; x_wconf 78' lang='grc' dir='ltr'><em>δε</em></span> <span class='ocrx_word' id='word_1_542' title='bbox 992 3207 1108 3257; x_wconf 82' lang='lat' dir='ltr'><em>dixit</em></span> <span class='ocrx_word' id='word_1_543' title='bbox 1133 3208 1278 3261; x_wconf 82' lang='lat' dir='ltr'><em>servus</em></span> <span class='ocrx_word' id='word_1_544' title='bbox 1302 3219 1405 3259; x_wconf 87' lang='lat' dir='ltr'><em>tuus</em></span> <span class='ocrx_word' id='word_1_545' title='bbox 1427 3219 1554 3275; x_wconf 79' lang='lat' dir='ltr'><em>pater</em></span> <span class='ocrx_word' id='word_1_546' title='bbox 1576 3221 1704 3256; x_wconf 85' lang='lat' dir='ltr'><em>meus</em></span> <span class='ocrx_word' id='word_1_547' title='bbox 1726 3206 1783 3255; x_wconf 90' lang='lat' dir='ltr'><em>ad</em></span> <span class='ocrx_word' id='word_1_548' title='bbox 1817 3221 1918 3267; x_wconf 77' lang='lat' dir='ltr'><em>nos,</em></span> <span class='ocrx_word' id='word_1_549' title='bbox 1951 3206 2173 3270; x_wconf 77' lang='lat' dir='ltr'><em>significat</em></span> <span class='ocrx_word' id='word_1_550' title='bbox 2195 3215 2381 3281; x_wconf 78' lang='lat' dir='ltr'><em>percep·</em></span> 
     </span>
     <span class='ocr_line' id='line_1_46' title="bbox 1192 3285 2378 3324; baseline -0.001 1"><span class='ocrx_word' id='word_1_551' title='bbox 1192 3296 1194 3298; x_wconf 94' lang='lat'>·</span> <span class='ocrx_word' id='word_1_552' title='bbox 2201 3285 2378 3324; x_wconf 78' lang='lat' dir='ltr'><em>tionem</em></span> 
     </span>
    </p>
   </div>
  </div>
 </body>
</html>
