2566 3640
325 238 632 309 CAPUT
673 231 1520 322 QUADRAGESIMUM
1566 216 2063 332 OCTAthM.
2139 261 2272 328 423

290 383 456 435 quam
475 366 586 425 ubis
618 364 891 439 praestare3
937 367 1104 422 datur
1128 366 1176 421 ei
1197 366 1437 438 perceptio
1461 365 1592 434 boni,
1636 364 1802 420 etiam
1801 362 2020 438 sensatio
2040 367 2169 442 ejus,
2194 368 2268 428 &³

289 442 450 496 datur
471 442 519 495 ei
543 438 884 511 intelligentia
921 437 1261 512 &sapientia
1280 461 1296 509 ς
1346 436 1428 511 ⁸&
1451 440 1549 495 haec
1577 439 1745 494 omnia
1748 440 1883 518 sicut
1902 437 2007 512 ejus
2021 444 2224 512 propria
2246 466 2265 514 3

287 530 414 568 nam
436 521 551 569 tunc
574 510 636 568 eli
659 513 898 584 recipiens
921 514 1046 568 vitae
1069 513 1291 568 Domini.
1371 513 1568 568 Notum
1589 510 1653 587 est
1674 513 1727 566 in
1745 511 1861 567 orbe
1881 514 2099 584 erudito,
2137 519 2269 586 quod

285 585 438 657 causa
455 586 760 657 principalis
784 583 857 644 ἐς)
883 581 1278 657 iistrumentalis
1295 585 1457 658 fimul
1488 603 1648 640 unam
1677 583 1886 655 caustim
1909 597 2075 658 agat3
2129 590 2266 644 homo

290 659 415 728 quia
449 657 513 732 est
512 658 697 731 forma
721 659 956 730 recipiens
979 658 1106 714 vita
1130 658 1358 726 Domini,
1409 658 1472 732 est
1497 658 1649 729 causa
1684 657 2095 730 instrumentalis,
2140 663 2264 719 vita

288 742 463 787 autem
480 750 548 788 ex
570 732 783 787 Domino
804 731 865 804 est
880 732 1034 802 causa
1050 731 1369 802 principalis,
1405 733 1504 787 haec
1523 733 1644 787 vita
1649 729 1877 802 sentitur
1894 732 1948 788 in
1961 731 2260 807 iifirumen-

287 805 393 860 tali
402 807 531 878 ficut
547 802 675 880 ejus,
714 822 826 860 cum
849 814 1025 860 tamen
1042 821 1134 859 non
1151 804 1213 877 est
1233 800 1353 876 ejus.
2018 806 2028 811 ”

361 877 397 931 6
400 898 428 949 3
438 877 520 931 26.
559 882 700 934 Erat
724 875 1029 948 Philosophus
1052 877 1186 932 inter
1209 876 1505 931 celebriores
1527 874 1599 934 ἐπ’
1614 874 1782 946 sanos,
1821 886 1945 932 ante
1970 898 2131 936 annos
2147 881 2257 936 ali-

288 963 413 1022 quot
434 961 680 1019 mortuus,
716 966 832 1004 cum
855 966 952 1018 quo
973 951 1206 1020 loquutus
1219 947 1333 1020 fitm
1360 949 1420 1002 de
1431 949 1687 1020 gradibus
1710 950 1832 1005 vitae
1853 949 1907 1002 in
1929 953 2137 1023 homine,
2174 956 2262 1009 di-

283 1025 447 1092 cendo,
486 1025 617 1094 quod
642 1022 776 1077 homo
809 1020 1023 1104 conffiat
1042 1039 1108 1076 ex
1132 1022 1287 1077 meris
1287 1020 1488 1094 formis
1510 1022 1776 1148 recipiendi
1795 1022 1988 1094 vitam,
2037 1024 2109 1084 ἐπ’
2130 1029 2267 1098 quod

284 1112 390 1151 una
394 1096 580 1172 forma
573 1099 655 1171 stt
671 1096 849 1151 altera
871 1095 1100 1164 interior,
1118 1093 1215 1165 sed
1231 1096 1359 1165 quod
1373 1112 1480 1149 una
1503 1095 1609 1166 exis
1614 1097 1726 1151 -erit
1746 1093 2064 1168 &stibfiltat
2078 1118 2144 1154 ex
2168 1103 2259 1156 al-

283 1178 406 1225 tera
423 1193 440 1241 3
477 1180 590 1225 tum
609 1170 735 1241 quod
754 1166 1086 1240 itfferiorefi’u
1100 1170 1348 1222 exteriore
1350 1165 1531 1239 forma
1527 1167 1724 1239 soluta,
1763 1167 1906 1240 usque
1925 1172 2084 1228 vivat
2075 1171 2262 1243 forma

262 1240 498 1315 stiperior
509 1241 601 1314 seu
638 1243 859 1297 interior.
934 1243 1095 1297 Porro
1126 1240 1330 1310 ditium,
1391 1243 1521 1311 quod
1544 1259 1706 1297 omnes
1737 1243 2044 1311 operationes
2076 1245 2261 1310 mentis

272 1316 386 1387 fint
405 1318 727 1373 variationes
727 1312 938 1387 formae,
974 1332 1087 1386 quae
1107 1314 1433 1371 variationes
1456 1315 1511 1369 in
1528 1314 1823 1386 purioribus
1824 1312 2129 1390 substantiis
2150 1321 2258 1375 tali

278 1388 570 1462 peffetlione
590 1388 732 1461 stmt,
765 1397 826 1443 ut
848 1384 1059 1456 describi
1088 1396 1370 1458 nequeant,
1407 1385 1480 1446 ξδ’
1503 1389 1634 1459 quod
1662 1388 1785 1457 ideae
1820 1391 2143 1459 cogitationis
2166 1411 2259 1449 non

285 1463 436 1518 aliud
446 1464 584 1532 fint:
625 1461 699 1522 ἔθ’
732 1462 868 1532 quod
901 1460 1005 1516 illae
1043 1461 1365 1516 variationes
1401 1460 1620 1534 existant
1641 1460 1910 1532 secundum
1947 1466 2260 1521 mutationes

264 1534 443 1606 status
469 1534 812 1609 affiefft'ionum..
866 1535 1049 1606 Qum
1063 1531 1407 1608 perfeb'liffl'mae
1438 1534 1760 1589 variationes
1793 1535 1985 1589 dantur
2006 1537 2061 1591 in
2089 1540 2256 1609 purio-

283 1609 425 1665 ribus
427 1608 641 1682 formis,
678 1608 814 1680 quod
831 1607 1053 1662 concludi
1065 1607 1192 1679 pofflt
1212 1624 1250 1659 a
1268 1607 1614 1675 Pulmonibus,
1652 1608 1743 1676 qui
1769 1609 2085 1683 adfingulas
2113 1627 2259 1668 voces

285 1683 505 1753 loquela,
543 1700 607 1737 ac
633 1685 708 1737 ad
713 1682 937 1753 fingulos,
947 1679 1089 1751 sonos
1124 1680 1327 1748 cantus,
1370 1680 1447 1734 ad
1471 1680 1685 1752 fingulos
1707 1689 1871 1735 motus
1904 1684 2132 1754 corporis,
2179 1684 2260 1745 θ’*

286 1773 472 1826 quoque
503 1757 579 1811 ad
590 1754 813 1828 stigulos
832 1751 1008 1822 status
1045 1751 1363 1824 cogitationis
1386 1750 1462 1810 θ’
1488 1751 1780 1824 affectionis,
1799 1753 1860 1823 se
1881 1756 2034 1810 varie
2056 1758 2259 1828 plicant

287 1827 362 1887 ἔφ’
385 1829 610 1884 variant
610 1826 821 1901 formas
842 1848 858 1897 5
902 1826 1026 1897 quid
1035 1832 1124 1879 non
1141 1825 1407 1891 interiora,
1458 1836 1566 1894 quie
1572 1835 1681 1896 pree
1698 1835 1845 1881 tanto
1861 1825 2046 1895 vistere
2062 1833 2115 1886 in
2128 1841 2270 1902 per-,

263 1900 521 1976 fhc‘lffmo
522 1900 670 1974 statu
672 1902 813 1973 stant.
887 1896 1193 1970 Philosophus
1213 1898 1555 1972 confirmavit,
1601 1895 1676 1956 ἐτ’
1705 1898 1866 1970 vovit,
1891 1903 2020 1970 quod
2038 1906 2182 1960 talia
2204 1908 2263 1961 ei

283 1986 406 2031 nota
427 1973 638 2055 fuifflnt
660 1992 771 2030 cum
792 1971 937 2027 vixit
959 1972 1016 2025 in
1042 1974 1250 2040 mund03
1308 1967 1381 2027 θ’
1418 1973 1552 2042 quod
1583 1972 1798 2026 mundus
1826 1973 2143 2045 philosophica
2184 1981 2262 2037 ad

283 2051 423 2106 tales
455 2048 566 2120 usus
598 2048 899 2120 applicaret,
943 2043 1016 2103 θ’
1055 2060 1148 2099 non
1184 2044 1463 2101 intenderet
1499 2045 1647 2100 nudis
1677 2061 1854 2102 vocum
1872 2043 2138 2120 formulis,
2185 2070 2253 2107 ao

283 2121 466 2178 litibus
490 2122 552 2175 de
571 2121 703 2190 illis,
747 2119 818 2180 θ’
831 2113 1127 2190 ficfiidaret
1161 2119 1214 2173 in
1238 2116 1464 2195 pulvere.

346 2192 394 2261 ,6
398 2212 424 2266 3
435 2213 462 2247 2
468 2209 499 2266 7
505 2236 520 2266 ,
559 2195 879 2252 Continuatio
902 2192 1145 2267 adfinem
1163 2190 1371 2263 Capitis
1387 2188 1661 2262 sequentis.

1735 3236 2257 3298 GENESEOS
