2566 3640
325 225 464 313 480
662 221 720 289 G
862 217 932 289 E
1061 215 1156 288 N
1280 212 1354 285 'E
1497 209 1553 284 S
1681 209 1731 279 I
1858 205 1923 280 S.
2110 242 2116 254 ·

334 346 532 394 constare
557 345 720 409 potest,
754 340 880 409 quod
899 355 981 404 per
1006 342 1124 390 filios
1142 342 1318 403 Jacobi,
1353 343 1403 390 &
1427 354 1505 403 per
1523 341 1694 388 Tribus
1716 342 1774 390 ab
1798 341 1884 389 illis
1908 338 2175 398 nominatas,
2210 337 2301 407 sig-³

336 414 576 462 nificentur
600 412 700 458 talia
726 426 831 472 quae
855 407 954 453 sunt
974 408 1184 455 Ecclefiae
1206 411 1256 455 δε
1278 406 1430 466 Regni
1451 407 1665 454 Domini.
2048 469 2050 471 ‚

405 479 548 539 6445.
586 475 725 522 Vers:
754 478 828 521 28.
899 474 1050 521 Omnes
1071 474 1136 519 hae
1157 473 1295 520 tribus
1317 471 1488 534 Israelis
1521 471 1761 526 duodecim;
1796 472 1852 520 fs?
1873 472 1949 520 hoc
1976 471 2086 536 quod
2104 472 2298 535 loquutus

335 544 393 604 ψ
414 544 498 590 illis
514 551 642 602 pater
664 541 854 595 illarum,
890 537 946 586 &
963 540 1170 587 benedixit
1190 539 1292 593 illis,
1327 536 1473 600 cuique
1493 536 1597 599 quod
1608 534 2172 598 secundumsbenedietionem
2195 539 2298 603 ejus,

336 609 545 656 benedixit
561 607 661 654 illis.
733 606 910 651 Omnes
936 605 1009 652 hae
1032 607 1205 652 Tribus
1224 604 1391 650 Israelis
1413 602 1672 656 duodecim,
1711 602 1928 664 fignificat
1947 605 2105 653 omnia
2127 619 2230 650 vera
2247 606 2298 652 δε

339 678 457 722 bona
492 675 536 719 in
570 669 838 732 complexu:
887 671 937 717 δε
961 672 1048 717 hoc
1070 670 1192 734 quod
1229 670 1443 733 loquutus
1472 667 1534 714 est
1558 666 1651 714 iilis
1676 681 1800 729 pater
1831 667 2032 723 illorum,
2083 669 2300 730 significat

337 739 768 787 c÷>nimnicationem
783 734 863 798 vper
878 735 1104 783 influxum
1122 752 1147 782 a
1161 736 1284 782 bono
1299 733 1536 797 spirituali-2
1557 734 1607 780 ὅτ
1626 732 1858 780 benedixit
1876 732 1978 788 illis,
1993 732 2157 796 cuique
2171 734 2301 798 quod

339 803 583 851 secundum
627 802 988 847 benediciionem
1022 800 1124 861 >ejus
1147 801 1377 848 benedixit
1402 799 1502 854 illis,
1531 799 1750 860 significat
1775 797 2091 861 praedictiones
2126 797 2182 846 de
2205 802 2300 848 vita

338 862 570 933 spirituali,
606 864 719 929 quid
739 868 918 913 eveniet
941 866 1103 929 cuique
1123 882 1229 913 cum
1256 867 1301 913 in
1326 865 1402 912 tali
1427 863 1551 913 statu.
1988 885 1990 888 ’
2175 879 2177 881 “

405 936 551 994 6446.
605 933 778 979 Omnes
802 931 876 979 hae
907 933 1076 978 Tribus
1102 929 1268 979 Israelis
1296 929 1560 987 duodecim,
1613 929 1740 994 quod
1765 929 1986 993 significet
2007 930 2162 976 omnia
2196 944 2302 980 vera

335 1002 387 1048 &
411 1002 525 1047 bona
550 999 594 1044 in
616 998 882 1060 complexu,
934 997 1104 1044 constat
1128 1013 1186 1044 ex
1209 995 1537 1058 significatione
1561 997 1792 1044 Tribuum
1835 995 2004 1051 Israelis
2039 995 2302 1060 duodecim,

334 1066 460 1130 quod
486 1066 571 1111 sint
604 1065 761 1111 omnia
795 1069 898 1109 vera
921 1064 969 1110 ὅτ
995 1065 1112 1110 bona
1136 1065 1180 1110 in
1204 1063 1465 1124 complexu,
1515 1064 1574 1109 de
1595 1077 1688 1126 qua
1711 1078 1767 1108 n:
1795 1061 1940 1123 3858.
1976 1062 2118 1123 3926.
2155 1077 2301 1126 3939.

336 1132 483 1191 4060.
511 1132 655 1191 6335.
683 1129 838 1191 6397:
890 1128 1015 1191 quod
1040 1129 1140 1176 haec
1164 1144 1243 1191 per
1265 1129 1437 1176 Tribus
1473 1128 1845 1189 fignificatafint,
1898 1138 2022 1188 patet
2044 1142 2133 1172 non
2161 1130 2303 1175 modo

333 1202 394 1244 ab
420 1196 501 1243 illis
522 1210 626 1257 quae
648 1194 704 1240 de
731 1193 966 1241 Tribubus
990 1194 1167 1249 in-locis
1190 1194 1333 1242 citatis
1366 1190 1488 1242 dieta
1526 1194 1644 1251 sunt,
1694 1193 1769 1240 sed
1801 1192 1940 1239 etiam
1963 1192 2020 1238 ab
2044 1191 2095 1239 iis
2117 1207 2225 1255 quae
2246 1193 2306 1240 de

336 1263 422 1310 illis
449 1262 493 1307 in
519 1261 604 1306 hoc
629 1259 801 1322 Capite.
2042 1281 2048 1284 -

404 1328 549 1389 6447.
602 1326 664 1373 Et
685 1327 773 1372 hoc
795 1324 923 1389 quod
947 1325 1166 1389 loquutus
1189 1325 1272 1372 illis
1295 1337 1422 1388 pater
1444 1326 1642 1381 illorum,
1695 1324 1825 1388 quod
1853 1321 2074 1384 significet
2097 1337 2307 1374 commu-

332 1393 608 1450 nicationem
629 1406 707 1454 per
722 1391 948 1438 influxum
965 1407 990 1437 a
1008 1393 1132 1440 bono
1151 1391 1389 1454 spirituali,
1424 1392 1594 1440 constat
1611 1408 1635 1438 a
1650 1390 1973 1453 significatione
1997 1388 2141 1452 loqui,
2177 1390 2308 1456 qu'od·
2326 1439 2336 1449 ‚

332 1460 388 1506 fit
411 1458 614 1512 influere,
668 1457 724 1504 de
748 1473 838 1521 qua
863 1473 922 1503 n:
950 1473 1094 1520 2951.
1123 1460 1268 1518 5481.
1295 1472 1438 1521 5743.
1469 1473 1615 1522 5797,
1667 1457 1741 1503 hic
1764 1453 2121 1503 communicatio
2138 1458 2307 1520 per-in-

313 1525 511 1571 -fluxum
534 1544 547 1577 ·,
583 1523 633 1569 &
651 1539 674 1568 a
693 1522 1080 1587 repraesentatione
1112 1523 1292 1579 Israelis,
1328 1525 1407 1586 qui
1433 1525 1505 1570 hic
1528 1523 1593 1569 est
1616 1534 1742 1586 pater
1766 1522 1966 1576 illorum,
2000 1521 2204 1582 quodfit
2225 1524 2308 1572 bo·-

334 1606 446 1638 num
479 1588 745 1653 spirituale,·
771 1590 829 1636 de
853 1604 943 1653 qua
967 1605 1024 1635 n:
1048 1594 1198 1652 4598.
1241 1592 1384 1650 5801.
1426 1591 1573 1651 5803.
1612 1587 1756 1651 5806.
1795 1589 1941 1652 5812.
1977 1589 2122 1650 5817.
2156 1592 2305 1652 5819.

374 1654 482 1714 826,
544 1658 566 1701 8
642 1690 655 1702 .
831 1652 838 1660 ⁸
1248 1700 1251 1702 .

336 1674 363 1718 5
403 1673 548 1779 6443.
576 1670 652 1782 ξε,
665 1718 903 1766 benedixit
922 1718 1024 1775 illis,
1060 1719 1226 1783 cuique
1249 1719 1376 1784 quod
1398 1718 1646 1766 secundum
1664 1716 2034 1768 benedictionem
2057 1717 2149 1780 ejus
2170 1718 2308 1767 bene-

334 1785 455 1832 dixit
478 1785 580 1841 illis,
616 1785 993 1848 quod-significet
1015 1782 1328 1847 praedieliones
1352 1786 1408 1832 de
1429 1786 1523 1833 vita
1546 1783 1758 1848 spirituali
1782 1784 1894 1848 quid
1920 1787 2120 1832 eveniret
2141 1783 2309 1849 cuique

336 1867 442 1898 cum
461 1850 507 1897 in
530 1850 607 1897 tali
632 1850 758 1906 statu,
791 1849 963 1897 constat
985 1866 1043 1897 ex
1071 1850 1393 1913 significatione
1416 1850 1694 1906 benedicere,
1727 1850 1855 1913 quod
1879 1850 1932 1898 fit
1954 1849 2213 1914 praediffio,
2249 1851 2309 1899 de

337 1916 429 1981 qua
451 1933 507 1963 n:
535 1917 677 1978 6230.
705 1918 834 1977 6254
855 1938 869 1971 ·,
914 1917 966 1964 &
989 1931 1047 1962 ex
1070 1917 1401 1978 significatione
1432 1917 1597 1981 cuique
1619 1916 1747 1980 quod
1772 1916 2013 1964 secundum
2047 1916 2308 1964 benedicto,-

338 1998 444 2030 nem
469 1981 564 2044 ejus
586 1982 819 2029 benedixit
843 1982 946 2038 illis,
988 1983 1122 2044 'quod
1147 1982 1335 2047 fitquid
1370 1983 1572 2030 eveniret
1587 1983 1751 2045 cuique
1771 2001 1786 2035 ς
1825 1980 1878 2028 fit
1898 1982 1955 2028 de
1977 1982 2070 2030 vita
2093 1981 2310 2044 spirituali

338 2065 448 2112 quae
471 2048 618 2094 cuivis
636 2049 683 2095 in
707 2048 782 2094 tali
808 2048 940 2105 statu,
993 2060 1117 2110 patet
1138 2050 1195 2096 ab
1217 2050 1430 2096 omnibus
1453 2048 1542 2096 illis
1563 2064 1671 2112 quae
1689 2047 1746 2094 de
1765 2047 1871 2095 filiis
1895 2047 2063 2095 Israelis
2080 2048 2153 2094 seu
2173 2049 2313 2096 tribu·

338 2114 421 2161 bus
452 2114 510 2160 ab
534 2113 619 2159 illis
653 2113 899 2169 nominatis
924 2114 970 2159 in
996 2114 1084 2160 hoc
1108 2115 1270 2178 Capite
1309 2115 1430 2162 dieta
1470 2113 1603 2166 sunt3
1653 2112 1918 2161 describitur
1939 2113 2064 2161 enim
2089 2129 2172 2177 per
2205 2114 2310 2163 illos
2374 2108 2389 2152 Ῐ·

340 2195 501 2226 omnes
525 2178 658 2225 status
691 2179 905 2227 Ecclesiae
937 2178 1091 2243 quoad
1116 2180 1232 2228 bona
1256 2181 1305 2228 δῑ
1330 2196 1449 2237 vera,
1501 2180 1562 2226 ita
1582 2179 1733 2242 quoad
1756 2179 1914 2227 vitam*
1935 2178 2210 2243 spiritualem
2231 2191 2312 2245 cufi

335 2243 478 2309 jusvis
501 2245 614 2292 intra
646 2244 910 2293 Ecclefiam.
1590 2251 1602 2279 -'
1832 2300 1835 2303 ,
1916 2270 1938 2275 r*
2245 2246 2248 2250 ’

412 2311 557 2372 6449.
596 2311 734 2357 Vers:
764 2325 840 2374 29.
868 2327 946 2373 30.
974 2330 1057 2376 31..
1080 2327 1156 2374 32.
1181 2328 1208 2375 3
1219 2329 1261 2375 3.
1329 2313 1394 2359 Et
1410 2312 1614 2374 praecepit
1647 2309 1749 2365 illis,
1802 2309 1860 2359 δέ’
1882 2308 1990 2358 dixit
2012 2309 2071 2358 ad
2096 2310 2202 2368 illos,
2236 2327 2313 2377 ego

340 2378 512 2440 colligar
533 2376 593 2423 ad
607 2376 805 2438 populum
835 2393 986 2436 meum,
1011 2379 1186 2440 sepelite
1207 2394 1270 2425 me
1290 2377 1352 2424 ad
1366 2388 1513 2440 patres
1535 2393 1657 2432 meos„
1693 2375 1752 2423 ad
1771 2376 2014 2438 speluncam
2037 2380 2189 2439 quaein
2209 2393 2315 2441 agro

343 2444 557 2503 Ephronis
575 2441 762 2489 Chittaei.
832 2443 886 2491 In
889 2446 1107 2506 spelunca,
1142 2460 1232 2508 quae
1251 2445 1295 2491 in
1315 2459 1419 2507 agro
1436 2441 1716 2503 Machpelah‚
1750 2444 1821 2504 qui
1830 2442 1963 2503 supa
1973 2444 2118 2505 facies
2133 2445 2314 2506 Mamre

345 2509 528 2556 interra
554 2508 747 2569 Canaan,
784 2514 912 2572 quam
939 2513 1039 2559 emit
1067 2509 1291 2556 Abraham
1309 2526 1401 2557 cum
1421 2525 1527 2573 agro
1550 2524 1600 2556 ex
1623 2508 1821 2568 Ephrone
1844 2508 2030 2555 Chittaeo
2048 2506 2108 2555 ad
2115 2509 2312 2572 pffffio·

344 2588 437 2621 nem
460 2573 689 2637 sepulchri.
763 2575 827 2621 Ibi
847 2575 1138 2636 sepeliverunt
1161 2575 1454 2623 Abrahamum
1477 2574 1533 2623 δέ
1559 2577 1713 2621 Sara‘m
1738 2589 1908 2621 uxorem
1949 2575 2054 2636 ejus,
2092 2575 2149 2621 ibi
2163 2576 2314 2638 sepeli·
2379 2576 2383 2581 ’

344 2649 503 2686 verunt
535 2639 783 2700 Jischakum
806 2640 861 2687 &³⁷
887 2642 1119 2689 Rebeccam
1153 2656 1320 2689 uxorem
1342 2642 1446 2704 ejus,
1482 2640 1539 2689 &
1561 2640 1618 2688 ibi
1628 2639 1807 2701 sepelivi
1829 2641 1977 2686 Leam.
2048 2640 2191 2688 Emtio
2211 2642 2313 2704 agri

346 2704 404 2753 Θ
430 2701 652 2766 speluncoe‚
702 2721 792 2767 quae
813 2709 857 2752 in
879 2707 984 2762 illos
1002 2723 1053 2754 ex
1073 2706 1181 2765 filiis
1212 2707 1375 2755 Chethi.
1444 2708 1507 2753 Et
1542 2706 1718 2767 abfhlvit
1749 2705 1888 2766 Jacob
1910 2704 1971 2752 ad
1988 2705 2311 2767 proecipieuduni

332 2768 445 2827 filiis
465 2771 577 2832 suis,
614 2769 670 2818 {9³
692 2770 854 2832 collegit
885 2771 1008 2833 pedes
1026 2776 1128 2835 ficos
1150 2772 1210 2819 ad
1228 2773 1402 2828 lelium,
1432 2771 1488 2820 {9⁹
1510 2772 1758 2834 exspiravit,
1794 2770 1850 2819 ts?
1866 2772 2055 2819 collettus
2071 2771 2312 2834 adpopulos

330 2837 445 2896 suos.
515 2835 578 2882 Et
599 2837 816 2898 praecepit
840 2837 943 2894 illis,
979 2840 1029 2886 ὅτ
1046 2838 1166 2884 dixit
1188 2838 1245 2885 ad
1270 2839 1387 2894 illos,
1422 2838 1645 2901 fignificat
1666 2836 2017 2884 insinuationem
2037 2853 2048 2883 :
2082 2850 2171 2898 ego
2189 2836 2316 2883 colli-

343 2915 427 2961 gor
444 2900 499 2947 ad
525 2901 749 2962 populum
775 2917 947 2960 meum,
983 2904 1204 2964 fignificat
1225 2904 1353 2967 quod
1378 2903 1462 2950 erit
1484 2904 1530 2949 in
1554 2902 1685 2950 bonis
1708 2902 1758 2947 &
1777 2901 1896 2949 veris
1914 2898 2119 2950 naturalis
2131 2917 2240 2963 quae
2257 2903 2314 2950 ab

340 2965 422 3012 illo
442 2981 453 3010 z
490 2965 669 3027 sepelite
695 2982 768 3014 rne
789 2969 843 3013 ad
867 2982 1014 3031 patres
1038 2971 1181 3026 mem,
1219 2969 1437 3031 fignificat
1459 2969 1587 3032 quod
1610 2968 1673 3015 ibi
1698 2982 1882 3031 quoque
1909 2967 2118 3014 interiora
2136 2967 2186 3014 &
2205 2967 2313 3016 inti·

343 3046 506 3081 mum:
540 3031 596 3076 ad
621 3030 894 3093 speluncam,
943 3033 1164 3096 fignificat
1185 3035 1267 3081 ubi
1290 3034 1556 3082 obscurum:
1593 3049 1700 3096 quae
1722 3033 1769 3080 in
1791 3048 1903 3094 agro
1925 3030 2158 3095 Ephronis
2178 3034 2311 3082 Chit-

342 3098 437 3152 taei,
492 3096 729 3155 fignificat„
748 3100 876 3161 quod
908 3112 1062 3147 tamen
1094 3100 1402 3147 clarum-fieri
1436 3099 1634 3163 potest:.
1665 3100 1725 3146 in*
1748 3098 1956 3161 spelunca
1989 3111 2097 3159 quae
2131 3099 2176 3145 in
2197 3115 2310 3163 agro

338 3160 634 3223 Machpelah‚
690 3162 912 3223 significat
938 3165 982 3211 in
1019 3165 1211 3213 obscuro
1245 3164 1353 3212 illo:
1403 3180 1509 3228 quae
1532 3165 1661 3227 super
1683 3162 2035 3219 faciestMamre‚
2089 3163 2312 3226 fignificat

326 3239 557 3296 quantum
580 3243 636 3277 ex
654 3227 786 3298 quale
806 3228 928 3298 ejus;
968 3231 1017 3282 in
1037 3243 1152 3299 terra
1177 3231 1375 3298 canaan,
1411 3230 1635 3294 fignificat
1669 3227 1988 3296 ubiEeclefia:
2023 3234 2311 3346 quamAemit

774 3325 776 3328 >
1761 3319 1763 3323 ·
2212 3298 2311 3348 bra·
