2566 3640
485 222 792 321 CAPUT
841 218 1167 307 QUADR
1176 218 1692 293 AcusiMuM
1731 197 2132 295 NONUM.
2173 207 2326 320 ‘467

327 347 486 419 lapide
518 352 717 417 pretioso
747 350 1013 400 exornata”
1064 352 1228 416 Apoc:
1258 365 1372 400 xxi:
1405 367 1480 402 10.
1512 368 1587 402 11.
1618 370 1695 413 14.
1727 369 1804 416 15.
1837 370 1910 419 ¹7·
1942 359 2015 406 18.
2047 373 2141 422 ¹93
2189 360 2319 424 quod

332 422 498 471 Murus
520 421 574 467 fit
597 419 827 467 Divinum
847 418 1021 467 Verum
1047 420 1297 481 procedens
1319 435 1344 466 a
1367 418 1594 476 Domine,
1629 421 1681 468 δε
1704 421 1810 468 inde
1833 437 1995 469 verum
2019 423 2127 472 fidei
2152 441 2212 473 ex
2237 427 2317 474 bo-

328 504 393 537 no
408 486 651 543 charitatis,
686 498 811 550 patet
832 501 857 533 a
873 485 1060 549 lingulis
1078 501 1188 549 quae
1209 485 1269 533 de
1288 500 1421 533 muro
1439 485 1503 533 ibi
1519 485 1751 544 dicuntur,
1788 499 1840 535 ut
1862 481 2165 552 quod‘inurus
2180 492 2317 540 habe-

327 567 400 603 ret
421 553 719 602 fundamenta
742 552 1009 608 duodecim,
1061 553 1111 599 &
1135 553 1181 600 in
1205 551 1295 599 illis
1318 551 1507 600 nomina
1530 551 1776 602 duodecim
1802 553 2139 617 Apostolorum
2163 557 2317 620 Agni,

324 637 414 686 per
431 620 680 668 duodecim
703 619 830 666 enim
853 619 1162 681 fignificantur
1179 616 1354 675 omnia,
1405 634 1460 664 n:
1491 633 1637 681 3272.
1657 622 1805 681 3858.
1832 636 1920 684 39¹
1932 639 1977 685 3,
2023 637 2105 687 per
2127 639 2314 678 murum

322 688 379 735 &
402 686 498 750 ejus
520 685 816 734 fundamenta
833 702 937 734 vera
955 685 1097 742 fidei,
1119 684 1323 732 [imiliter
1337 698 1388 731 ac
1404 698 1486 748 per
1502 683 1747 732 duodecim
1769 686 2038 750 Apostolos,
2073 705 2127 735 n:
2165 692 2313 751 3488.

317 757 445 817 3858
486 752 520 802 f.
563 755 691 816 6397
714 773 729 807 ;
781 764 878 800 tum
917 751 1047 816 quod
1081 765 1237 799 murus
1278 749 1387 798 effet
1432 765 1526 809 144
1560 750 1856 810 Cubitorum,
1907 768 1990 818 per
2030 754 2163 802 illum
2221 772 2308 804 nu-

325 835 511 867 merum
532 820 658 866 enim
673 817 817 865 simile
832 818 1105 880 significatur
1119 816 1250 882 quod
1268 830 1351 880 per
1364 814 1631 874 duodecim,
1666 833 1831 881 nempe
1850 819 2025 877 omnia,
2060 837 2167 870 nam
2185 837 2314 871 com-

320 887 494 950 positus
515 884 580 933 est
600 900 656 932 ex
678 883 927 931 duodecim
944 883 1261 946 multiplicatis
1278 883 1324 930 in
1340 881 1604 938 duodecim,
1640 883 1690 931 δε
1709 885 1818 947 quia
1843 900 2058 934 numerus
2075 887 2165 944 ille,
2199 904 2311 937 cum

321 951 494 1014 dicitur
515 951 575 998 de
597 964 752 1006 muro,
801 949 1026 1011 fignificat
1047 949 1205 996 omnia
1226 963 1331 1006 vera
1354 949 1548 996 &bona
1579 949 1705 1004 fidei,
1755 949 1952 1008 additur,
2005 953 2133 1017 quod
2159 954 2231 1001 ille
2256 955 2312 1003 sit

320 1016 526 1066 mensura
561 1015 777 1072 hominis,
827 1016 915 1062 hoc
948 1015 1029 1072 est,
1079 1014 1263 1079 angeli3
1308 1015 1360 1062 ὅτ,
1382 1029 1568 1079 quoque
1591 1014 1717 1079 quod
1741 1015 1957 1063 structura
1980 1020 2098 1066 muri
2121 1019 2228 1068 effet
2239 1019 2313 1083 ja-

315 1083 425 1147 spis,
461 1083 510 1130 &
530 1081 824 1130 fundamenta
839 1080 936 1144 ejus
953 1082 1083 1129 omni
1101 1080 1253 1145 lapide
1269 1080 1471 1144 pretioso
1491 1094 1720 1138 exornata,
1760 1097 1842 1144 per
1855 1081 2082 1146 jaspidem
2106 1086 2231 1134 enim
2256 1089 2307 1134 ὅτ

310 1147 402 1214 'per
420 1148 591 1212 lapides
610 1146 824 1212 pretiosos
848 1146 1159 1211 significantur
1181 1162 1286 1194 vera
1308 1147 1434 1204 fidei,
1470 1163 1528 1194 n:
1561 1166 1580 1197 1
1595 1163 1669 1207 ¹4·
1740 1149 1883 1206 Quod
1909 1166 2067 1197 murus
2091 1152 2137 1198 in
2162 1167 2310 1216 oppo-

318 1217 405 1264 fito
423 1215 547 1262 sensu
566 1214 791 1278 significet
821 1212 926 1261 falsa
957 1228 1067 1276 quae
1098 1213 1406 1270 destruuntur,
1442 1225 1569 1278 patet
1601 1215 1658 1261 ab
1690 1212 1760 1260 his
1795 1215 1923 1273 lociS,
1974 1218 2099 1280 apud
2126 1218 2308 1268 Esaiam

318 1290 359 1324 5‘,
375 1282 488 1331 Dies
508 1281 733 1328 turnultus
756 1280 802 1326 in
826 1280 942 1327 valle
964 1281 1148 1330 visionis
1171 1301 1188 1336 ς
1225 1279 1461 1328 Dominus
1477 1279 1678 1340 Jehovih
1696 1279 1908 1328 Zebaoth
1930 1280 2103 1342 destruit
2117 1301 2306 1343 murum,

316 1359 371 1397 ut
395 1347 664 1397 vociferatio
689 1346 839 1394 versus
863 1358 1072 1395 montem
1092 1369 1107 1403 ;
1159 1362 1265 1394 nam
1290 1345 1426 1393 Elam
1450 1345 1627 1393 sustulit
1649 1345 1906 1409 pharetram
1941 1363 2050 1396 cum
2073 1366 2202 1400 curru
2224 1352 2307 1399 ho-

316 1415 471 1470 minis,
505 1413 752 1478 equitibuS,
786 1414 960 1477 equites
984 1413 1199 1476 ponendo
1222 1413 1470 1476 posuerunt
1492 1411 1633 1476 usque
1655 1411 1715 1460 ad
1738 1416 1918 1475 portam
1936 1413 1970 1433 ’⁹
2009 1430 2098 1463 xxi
2114 1432 2154 1464 1:
2181 1433 2227 1479 5.
2255 1419 2303 1467 6.

313 1497 363 1546 7.
432 1480 579 1544 Apud
604 1478 823 1528 Eundem
874 1487 909 1510 ‘⁶
933 1481 1256 1528 IWunimentum
1277 1479 1439 1542 refugii
1460 1493 1679 1527 murorum
1700 1488 1873 1528 tuorum
1892 1479 2139 1544 deprimet,
2191 1482 2306 1547 deji-

307 1548 415 1604 ciet,
450 1545 705 1611 prostemet
728 1545 773 1591 in
797 1558 984 1604 terram,
1020 1545 1159 1610 usque
1181 1547 1230 1592 in
1252 1545 1490 1608 pulverem
1510 1543 1543 1567 ''
1578 1560 1702 1592 xxv:
1732 1562 1807 1595 122
1875 1547 2021 1610 Apud
2046 1549 2303 1612 Jeremiam

313 1622 349 1644 ‘⁶
371 1612 588 1674 Aftendite
607 1613 655 1659 in
681 1626 824 1658 muros
846 1612 955 1674 ejus,
1014 1612 1065 1658 &
1087 1610 1270 1676 dejicite
1287 1609 1320 1629 ”
1375 1625 1435 1657 v.-
1465 1627 1539 1660 10.
1624 1610 1774 1674 Apud
1799 1611 2016 1660 Eundem
2066 1623 2102 1645 ‘⁶
2122 1617 2304 1664 Accen-

310 1679 420 1728 darn
457 1681 596 1744 ignem
630 1681 676 1725 in
704 1682 875 1725 murum
895 1679 1117 1741 Damasci,
1167 1676 1250 1741 qui
1267 1677 1482 1724 comedet
1501 1675 1669 1740 palatia
1690 1676 1952 1726 Benhadadi
1970 1678 2003 1703 '’
2034 1696 2187 1730 xmx:
2222 1698 2306 1747 27:

191 1807 202 1828 Ι
226 1767 230 1771 ·
313 1747 463 1810 Apud
481 1743 694 1793 Eundem
730 1751 766 1772 ‘⁶
784 1742 948 1791 Contra
963 1759 1108 1793 muros
1122 1743 1297 1791 Babelis
1311 1743 1456 1790 tollite
1477 1742 1680 1807 signum,
1716 1755 1866 1791 tenete
1887 1744 2155 1806 custodiam,
2190 1764 2304 1797 con-

306 1811 476 1859 stituite
494 1809 698 1860 custodes
716 1807 749 1828 ”
785 1824 864 1856 1.1.·
891 1827 968 1860 12.
1038 1809 1185 1873 Apud
1206 1808 1499 1856 Ezechielem
1538 1817 1571 1838 “
1595 1810 1812 1857 Evertent
1833 1827 1974 1859 muros
1996 1810 2113 1873 Tyri,
2148 1816 2199 1863 &
2222 1815 2302 1863 de-

309 1878 482 1926 struent
499 1891 640 1925 turres
656 1873 767 1937 ejus,
801 1875 852 1924 &
869 1875 1106 1925 detraham
1121 1875 1362 1941 pulverem
1380 1873 1472 1938 ejus
1489 1874 1549 1922 ab
1567 1874 1658 1932 illa,
1694 1876 1744 1923 δε
1757 1877 1879 1924 dabo
1895 1877 2023 1926 illam
2041 1881 2302 1929 ariditatem

310 1942 505 2008 petrae'’
540 1958 690 1991 xxm.-
713 1959 758 2001 4.
789 1945 833 1990 8.
858 1957 905 2004 9.
931 1960 1008 1992 12.

379 2010 526 2069 6420.
579 2008 644 2056 Et
666 2009 937 2056 exacerbant
957 2024 1083 2065 eum,
1131 2006 1260 2072 quod
1286 2006 1511 2071 significet
1534 2006 1823 2057 resistentiam
1847 2024 1873 2056 a
1896 2008 2032 2067 falsis,
2083 2009 2251 2060 constat
2274 2028 2300 2060 a

313 2076 644 2138 significatione
661 2074 944 2132 exacerbare,
980 2073 1105 2140 quod
1123 2074 1177 2122 fit
1194 2073 1452 2131 resistentia,
1487 2086 1654 2139 quanta
1673 2074 1796 2122 enim
1815 2075 2055 2125 resistentia
2073 2077 2152 2134 est,
2177 2090 2300 2126 tanta

309 2143 376 2190 est
398 2141 700 2196 exacerbatiO,
724 2138 919 2203 ‘quando
934 2155 1109 2205 pugna,
1141 2139 1199 2187 de
1220 2155 1310 2204 qua
1333 2157 1454 2197 nunc
1475 2141 1627 2204 agitur
1646 2161 1662 2196 3
1695 2140 1820 2204 quod
1844 2141 2089 2191 refistentia
2110 2159 2136 2191 a
2158 2143 2296 2202 fallis,

309 2220 439 2273 patet
459 2211 519 2257 ab
540 2207 627 2255 illis
649 2222 757 2271 quae
780 2206 1040 2270 sequuntur.

373 2276 468 2334 642
481 2293 521 2325 1.
559 2273 625 2322 Et
648 2271 916 2334 jaculantur,
951 2274 1080 2338 quod
1101 2271 1326 2337 fignificet
1343 2272 1474 2336 quod
1491 2288 1551 2322 ex
1569 2273 1657 2322 illis
1675 2285 1903 2339 pugnent,
1938 2274 2109 2323 constat
2126 2290 2185 2323 ex
2203 2277 2295 2339 fig-

304 2339 567 2389 nificatione
582 2338 790 2403 jaculari,
838 2339 966 2403 quod
990 2341 1045 2388 fit
1067 2354 1271 2405 pugnare
1293 2355 1350 2387 ex
1373 2338 1492 2388 falsis
1516 2360 1533 2395 3
1569 2357 1695 2389 arcus
1717 2345 1841 2389 enim
1866 2341 2091 2405 significat
2121 2342 2295 2390 (1οᾶτί-

304 2422 429 2464 nam,
474 2421 527 2453 ac
542 2405 690 2468 jacula
714 2405 788 2453 seu
813 2406 898 2452 tela
920 2405 999 2453 illa
1021 2423 1128 2471 quae
1152 2407 1252 2454 sunt
1274 2406 1515 2463 doctrinae,
1567 2407 1630 2454 ita
1653 2423 1756 2454 vera
1780 2407 2002 2456 doctrinae
2039 2409 2162 2472 apud
2187 2409 2289 2456 illos

302 2473 450 2537 quiin
470 2473 588 2520 veris
605 2472 725 2526 sunt,
761 2471 812 2519 δε
835 2470 941 2519 falsa
956 2473 1198 2529 doctrinae,
1234 2473 1358 2536 apud
1376 2472 1478 2520 illos
1494 2473 1574 2537 qui
1596 2474 1641 2520 in
1659 2473 1795 2530 falsis,
1831 2473 2039 2520 videatur
2056 2492 2083 2520 n
2101 2492 2113 2521 t
2140 2475 2287 2525 2680.

304 2553 490 2652 37093h
520 2538 648 2601 quod
677 2537 753 2585 hic
765 2536 951 2602 jaculari
975 2538 1030 2586 sit
1052 2553 1260 2602 pugnare
1284 2554 1343 2585 ex
1365 2536 1498 2596 falfis‚
1546 2539 1612 2586 est
1643 2541 1754 2603 quia
1787 2539 1846 2587 de
1879 2539 1963 2587 illis
1987 2540 2066 2604 qui
2092 2541 2139 2587 in
2170 2540 2288 2590 fallis

303 2607 424 2661 sunt,
494 2603 534 2651 ic
556 2603 722 2667 agitur.

366 2671 514 2730 6422.
550 2669 614 2717 Et
635 2669 745 2718 odio
767 2669 936 2719 habent
950 2685 1056 2719 eum
1076 2668 1310 2734 sagittarii,
1345 2668 1470 2732 quod
1495 2668 1716 2730 significet
1731 2670 1861 2719 omni
1879 2670 2141 2729 hostilitate,
2175 2687 2289 2722 con-

298 2736 381 2785 stat
403 2752 461 2786 ex
484 2734 810 2798 significatione
840 2737 955 2793 odii,
1007 2737 1134 2800 quod
1157 2737 1212 2784 fit
1232 2735 1384 2783 omnis
1421 2735 1660 2792 hostilitas,
1712 2753 1818 2784 nam
1842 2737 1923 2800 qui
1946 2738 2148 2802 aliquem
2173 2740 2288 2787 odio

300 2804 457 2861 habet,
494 2801 624 2849 omni
647 2800 909 2860 hostilitate,
942 2815 1169 2867 quantum
1194 2801 1357 2865 potest,
1402 2801 1535 2849 illum
1560 2802 1872 2865 persequitur;
1907 2805 1958 2851 ὅτ
1979 2821 2037 2852 ex
2059 2805 2286 2868 fignifica-

295 2871 421 2917 tione
461 2867 814 2931 sagittariorum,
844 2866 993 2932 ‘quod
1029 2869 1104 2917 hic
1125 2869 1212 2916 lint
1242 2868 1307 2925 illi
1342 2867 1422 2930 qui
1454 2867 1650 2931 oppofiti
1681 2869 1779 2916 sunt
1803 2870 1889 2917 illis
1911 2871 1992 2934 qui
2016 2886 2040 2917 a
2063 2870 2284 2934 spirituali

296 2935 512 2991 Ecclesia,
549 2952 653 2983 nam
669 2933 887 2997 jaculator
908 2950 1037 2982 arcus
1058 2935 1136 2982 {eu
1160 2933 1412 2996 sagittarius
1434 2933 1498 2981 est
1522 2933 1760 2997 spiritualis
1783 2935 1944 2992 homo,
1991 2952 2050 2984 ex
2071 2953 2128 2984 eo
2152 2939 2282 3001 quod

295 3016 420 3050 arcus
442 3001 663 3065 significet
684 3000 951 3050 doctrinalia
975 2999 1189 3047 Ecclefiae
1210 2999 1470 3063 spiritualiS‚
1506 3005 1559 3047 n':
1590 3001 1735 3048 2680.
1763 3016 1907 3066 2709,
1943 3003 2052 3050 inde
2063 3002 2286 3067 jaculator

295 3081 421 3116 arcus
446 3068 520 3116 seu
543 3068 794 3130 sagittarius
815 3069 863 3115 in
883 3065 1098 3132 opposito
1119 3065 1244 3113 sensu
1267 3065 1347 3122 est,
1398 3065 1478 3130 qui
1501 3079 1552 3114 ut
1575 3066 1710 3114 hostis
1732 3082 1911 3130 pugnat
1932 3083 2040 3117 cum
2066 3069 2283 3132 spirituali

301 3132 522 3190 homine·,
579 3135 710 3200 quod
738 3132 957 3198 jaculator
968 3148 1094 3181 arcus
1115 3133 1191 3180 seu
1207 3131 1455 3193 sagittarius
1479 3131 1533 3179 fit
1554 3132 1789 3196 spiritualis
1805 3135 1967 3193 homo,
2002 3135 2211 3183 videatur
2233 3153 2292 3185 n:

294 3199 438 3249 2686.
464 3214 595 3265 ²709
612 3223 634 3260 ·,
677 3202 786 3252 inde
805 3212 930 3267 patet
953 3199 1085 3265 quod
1104 3198 1332 3312 pekodio
1364 3198 1538 3269 habent
1569 3214 1678 3256 eum
1710 3199 1946 3262 sagittarii,
1993 3201 2285 3316 fignifioemii’

304 3299 318 3306 -
1181 3300 1185 3303 -
1229 3280 1259 3314 n
1283 3281 1310 3314 n
1349 3279 1376 3312 2
2152 3284 2248 3333 quo
