2670 3698
328 207 431 259 αι
752 189 1018 283 GXE
1147 189 1241 263 N
1368 190 1437 261 E
1570 189 2038 267 SsslffliSp

330 311 501 368 »clienti-i
525 316 899 378 Schelomonem‚
940 337 1045 370 nam
1083 329 1116 353 “
1140 321 1229 372 ideo
1252 333 1460 372 venerunt
1485 339 1535 373 ex
1552 323 1762 372 Omnibus
1791 324 1962 386 populis
1998 319 2058 369 ad
2094 314 2352 370 audiendam

336 387 593 452 sapientiam
616 387 906 446 Schelomonis,
942 405 971 437 a
994 390 1313 438 cum'Omnibus
1336 391 1503 453 regibus
1540 401 1687 446 terrae,
1721 393 1794 453 qui
1815 388 2153 438 audiveruntde
2180 389 2353 452 sapien·

335 455 411 501 etia
428 452 517 515 ejus
535 451 566 470 ’'
597 470 617 501 1
649 453 784 516 Reg':
820 471 878 500 v:
923 473 1012 514 143
1038 456 1211 504 &ideo
1230 456 1355 508 venit
1368 457 1550 519 Regina
1573 457 1778 511 Schebae,
1814 456 1864 503 &
1883 455 2264 517 ex-beatitudine,
2299 457 2347 501 in
2390 474 2395 481 ¹

342 534 487 582 quam
522 519 650 567 venit
682 534 739 568 ex
757 521 982 585 Sapientia
1006 521 1340 578 Schelomonis‚
1375 523 1495 570 dixit
1530 530 1564 553 “
1592 523 1717 570 Beati
1737 523 1831 568 viri
1852 508 1953 576 tui}
1990 522 2104 571 beati
2126 523 2251 584 fhrvi
2284 522 2354 569 tui

254 588 257 589 ⁷
339 587 413 640 dai,
450 585 521 648 qui
538 585 652 642 stant
674 601 815 632 coram
832 596 872 632 te
881 587 1067 650 jugiter,
1102 603 1154 635 ac
1176 588 1358 637 audiunt
1366 590 1645 665 sapimtiam
1678 598 1821 646 tuam,
1864 606 1881 637 1
1916 589 2127 652 Regzx:
2166 593 2209 638 8.
2245 589 2352 652 quis

356 651 497 698 hodie
519 650 558 697 se
584 652 769 698 beatum
797 653 995 700 dicimus
1027 669 1083 701 ex
1099 669 1171 702 eo.
1231 676 1233 678 ·
1655 679 1660 690 ¹
2263 674 2266 677 ·

423 724 567 777 522'5.
607 717 671 764 Et
696 733 832 765 nemo
855 720 1151 781 interpretans
1184 720 1254 767 illa
1281 720 1517 776 Pharaoni,
1556 720 1682 784 quod
1708 719 1934 784 significet
1953 719 2079 782 quod
2115 718 2357 768 nesciretur

342 783 470 847 quid
503 784 1015 844 contingeret„constat
1051 802 1109 833 ex
1145 787 1471 849 significatione
1508 786 1804 851 interpretari,
1840 786 1968 850 quod
2009 786 2065 833 s1t
2096 785 2203 832 scire
2237 786 2354 849 quid

343 848 657 910 contingeret,
687 850 745 896 de
776 866 866 914 qua
901 856 959 897 n':
990 869 1140 913 5141,
1181 852 1284 900 inde
1309 868 1448 901 nemo
1471 853 1766 917 interpretans
1787 851 1852 899 est
1876 850 2055 908 nescite,
2092 867 2207 899 nemo
2229 852 2354 899 enim

355 918 404 963 in
442 914 566 962 sensu
602 915 779 964 interno
802 916 865 965 est
889 917 1162 979 negativum
1202 921 1282 976 rei,
1319 919 1382 966 ita
1407 926 1519 975 ‘nom
1555 934 1663 967 nam
1698 919 1795 966 idea
1834 916 2039 982 personae
2076 919 2267 965 vertitur
2305 917 2356 965 in

354 981 508 1028 ideam
533 981 593 1028 rei
618 982 664 1028 in
689 981 810 1029 sensu
829 984 1025 1041 interno,
1061 984 1410 1041 ficut'ideaviri,
1446 984 1617 1043 mariti,
1654 984 1873 1040 saenssnae,
1892 986 2060 1041 uxoriS,
2085 985 2189 1041 filii,
2220 983 2386 1050 filiae,-

352 1048 507 1112 pueri,
544 1047 750 1110 virginis,
787 1049 834 1096 in
860 1049 1129 1097 ideamvveri
1153 1064 1230 1098 aut
1252 1051 1377 1107 boni,
1413 1050 1464 1099 δε
1502 1051 1616 1107 ficut
1653 1051 1785 1115 supra
1819 1064 2053 1112 11:4223,
2090 1050 2189 1097 idea
2227 1051 2353 1111 magi

355 1116 410 1162 ὅτ
435 1113 642 1176 sapientis
668 1114 710 1160 in
737 1115 884 1163 ideam
911 1115 1256 1164 scientificorum
1281 1117 1544 1166 interiorum
1569 1117 1619 1164 &
1642 1119 1952 1171 exteriorum·‚
1985 1116 2112 1163 causa
2129 1115 2214 1172 cst,
2240 1117 2354 1178 'quia

358 1182 409 1229 in
434 1180 608 1228 mundo
630 1181 847 1243 spiritual-i
870 1180 941 1229 seu
967 1181 1014 1228 in
1037 1182 1176 1249 coelo,
1201 1199 1293 1230 non
1317 1182 1521 1246 personae
1539 1181 1611 1229 sed
1636 1198 1703 1229 res
1726 1183 1810 1229 sub
1826 1182 2120 1230 intuitionem
2143 1182 2353 1241 veniunt,

357 1246 565 1311 personae
587 1248 713 1294 enim
734 1247 939 1295 limitant
962 1247 1113 1295 ideam
1137 1249 1189 1296 &
1203 1260 1498 1301 concentu-ant
1520 1248 1576 1294 ad
1601 1248 1787 1296 finitum
1809 1247 2064 1312 quoddam,
2100 1259 2146 1294 at
2168 1263 2237 1296 res
2260 1264 2353 1296 non

359 1312 560 1361 limitant
583 1312 632 1359 ὅτ
653 1324 944 1361 concontrant
974 1312 1056 1361 scd
1069 1314 1332 1362 extendunt
1365 1313 1425 1362 ad
1457 1313 1716 1370 Infinitum,
1754 1313 1814 1360 ita
1838 1312 1894 1362 ad
1918 1313 2213 1360 Dominum:
2247 1314 2358 1363 inde

361 1393 552 1445 quoque
573 1377 656 1436 est,
684 1379 820 1443 quod
844 1378 1068 1444 nusquam
1090 1379 1240 1444 aliqua
1260 1379 1460 1444 persona,
1494 1395 1604 1444 quae
1625 1380 1671 1427 in
1696 1379 1854 1428 Verbo
1871 1379 2151 1436 nominatur,
2187 1379 2234 1446 ip
2257 1395 2358 1428 coe-

357 1446 411 1493 310
435 1444 734 1508 percipiatur,
771 1445 847 1493 sed
865 1445 970 1494 loco
990 1445 1086 1510 ejus
1107 1461 1321 1512 res‚..quae
1355 1461 1442 1510 per
1468 1446 1602 1494 *illam
1627 1445 1866 1509 personam
1904 1444 2262 1509 repraesentatur,
2297 1446 2360 1495 ita

354 1526 552 1576 quoque
576 1527 657 1558 nec
678 1509 844 1575 aliquis
862 1507 1061 1576 »populus
1083 1523 1160 1559 aut
1180 1528 1311 1576 gens,
1346 1511 1422 1559 sed
1455 1512 1590 1575 quale
1612 1511 1737 1577 ejus;
1773 1511 1870 1559 imo
1906 1512 2045 1559 etiarn
2069 1510 2246 1575 prorsus
2280 1529 2360 1560 ne-

362 1580 500 1627 scitur
517 1576 703 1640 aliquod
723 1577 997 1627 historicum·
1010 1578 1150 1626 Verbi
1174 1580 1232 1626 de
1256 1577 1454 1643 persona,
1491 1590 1630 1640 gente
1666 1593 1720 1626 ac
1744 1577 1937 1643 populo,
1973 1577 2018 1624 in
2041 1578 2180 1634 coelo,
2202 1578 2359 1627 conse-

360 1655 557 1707 quenter
579 1659 660 1692 nec
690 1643 823 1692 scitur
856 1645 959 1709 quis
999 1643 1255 1702 Abraham,
1287 1645 1392 1709 quis
1429 1643 1637 1707 jischak,
1672 1643 1774 1709 quis
1815 1644 1979 1707 Jacob,
2015 1644 2121 1708 quis
2158 1645 2359 1709 populus

365 1709 650 1767 Ifiaeliticns,
688 1711 739 1758 δε
767 1725 873 1774 quae
910 1709 1036 1758 Gens
1059 1708 1272 1771 Judaica‚
1308 1710 1382 1759 sed
1416 1712 1672 1775 percipitur
1705 1710 1770 1758 ibi
1806 1709 1922 1774 quid
1952 1709 2207 1767 Abraham,
2241 1712 2359 1774 quid

357 1775 573 1841 Jisthak,
602 1775 725 1840 -quid
749 1777 914 1839 Jacob,
948 1777 1062 1841 quidv
1087 1777 1286 1842 populus
1324 1776 1603 1832 Israeliticus‚
1653 1775 1767 1840 quid
1803 1775 1928 1828 Gens
1962 1775 2166 1836 Judaiea,
2214 1777 2275 1826 ita
2308 1779 2359 1826 in

357 1843 582 1891 omnibus
597 1842 822 1908 §reliqui33
856 1842 964 1892 inde
995 1841 1069 1895 ,est
1089 1843 1273 1909 loquela
1297 1843 1523 1907 Angelica
1543 1843 1771 1892 illimitata
1793 1842 1844 1892 &
1865 1839 2058 1909 ⁴quoque
2097 1843 2362 1894 universalis

368 1908 637 1974 respestive.
872 1918 882 1922 “

438 1976 584 2037 5226.
622 1974 764 2023 Vers:
797 1992 843 2040 9.
867 1990 943 2037 10.
970 1994 988 2026 1
1005 1993 1046 2027 1.
1074 1991 1149 2027 12.
1177 1994 1252 2040 13.
1321 1978 1386 2026 Et
1402 1979 1598 2043 loquutus
1608 1978 1800 2041 princeps
1807 1976 2112 2039 pincernarum
2129 1991 2224 2025 cum
2237 1976 2363 2027 Pha

367 2057 514 2098 raone,
548 2040 729 2099 dicendo,
756 2052 1027 2104 peccatorum
1049 2058 1232 2092 meorum
1256 2059 1330 2109 ῳ
1352 2044 1550 2093 recordor
1568 2044 1705 2094 hodie.
1732 2062 1734 2065 ·
1775 2043 1953 2092 Pharao
1978 2043 2211 2106 succensuit
2228 2046 2363 2107 ficper

356 2110 513 2172 ¹¹servos
522 2109 638 2170 ficos,
667 2107 729 2157 ὅ
746 2107 868 2157 dedit
888 2125 951 2158 me
971 2111 1017 2158 in
1039 2109 1259 2170 custodiam
1281 2111 1399 2159 domo
1414 2112 1624 2174 principis
1649 2108 1902 2172 satellitum,
1935 2124 2001 2156 me
2023 2108 2086 2158 ὅ
2126 2111 2361 2173 principem

365 2174 585 2238 pistorum.
652 2175 716 2222 Et
727 2174 1038 2236 somniavimus
1048 2177 1256 2239 somnium
1279 2179 1323 2225 in
1344 2183 1459 2226 node
1481 2193 1588 2234 uua,
1609 2192 1686 2240 ego
1707 2174 1840 2233 &ia
1875 2176 2041 2239 quisque
2051 2174 2274 2238 ftcundum
2296 2177 2365 2225 ia-

370 2242 711 2302 terpretationem
720 2240 871 2300 somnii
881 2242 956 2304 sai
973 2241 1298 2306 somniavimus.
1371 2245 1437 2291 Et
1467 2244 1643 2291 ibicum
1676 2242 1793 2290 nobis
1816 2253 1927 2304 puer
1962 2241 2176 2290 Hebraeus
2202 2241 2362 2305 servus

362 2308 579 2371 principis
599 2306 852 2368 satellitum,
905 2305 963 2357 &
995 2311 1281 2358 narravimus
1313 2311 1369 2367 ei,
1419 2309 1476 2359 δέ
1506 2312 1814 2372 interpretatus
1853 2307 1970 2356 nobis
1994 2308 2162 2369 somnia
2199 2308 2361 2369 nostra,

374 2375 519 2437 cuique
529 2371 755 2434 stcundum
765 2374 976 2436 somnium
999 2374 1127 2438 suam
1155 2377 1479 2438 interpretatus.
1547 2376 1612 2424 Et
1629 2375 1821 2438 facium,
1853 2371 2194 2438 quemadmodum
2231 2377 2365 2423 inter·

365 2448 573 2503 pretatus
606 2439 736 2496 nobis,
785 2441 852 2487 ita
879 2441 997 2504 fuit,
1041 2456 1106 2489 me
1144 2440 1315 2490 reduxit
1348 2445 1482 2505 super
1509 2441 1736 2503 stationem
1778 2445 1930 2501 meam,
1975 2439 2032 2490 δέ
2068 2455 2162 2489 eum
2193 2441 2366 2504 suspen-

366 2505 453 2559 Ait,
523 2504 590 2553 Et
627 2504 849 2568 loquutus
892 2505 1104 2571 princeps
1142 2508 1462 2572 pincernarum
1497 2524 1604 2556 cum
1641 2506 1892 2563 Pharaone,
1935 2505 2160 2568 fignificat
2191 2509 2368 2571 cogita·

374 2572 552 2619 tionem
575 2587 634 2619 ex
655 2570 837 2619 sensuali
872 2571 988 2635 parti
1012 2572 1300 2623 intellefituali
1324 2573 1555 2638 subjeeto:
1595 2573 1820 2634 «dicendo,
1855 2572 2078 2634 fignificat
2115 2573 2370 2638 perceptio-

376 2652 487 2685 nem
520 2637 658 2684 inde:
693 2649 979 2700 peccatorum
1018 2654 1236 2702 meorum>
1267 2641 1476 2688 recordor
1511 2639 1664 2697 hodie,
1699 2639 1920 2704 fignificat
1956 2638 2015 2686 de
2048 2637 2368 2703 disjunctionis
2408 2654 2415 2663 ·

378 2703 492 2751 statu
513 2719 524 2749 :
560 2701 740 2751 Pharao
752 2702 999 2752 succensuit
1014 2704 1142 2768 fizper
1163 2705 1311 2754 servos
1334 2705 1454 2764 fix05,
1478 2705 1697 2770 fignificat
1714 2719 1819 2754 cum
1839 2703 2039 2753 naturale
2059 2703 2102 2752 se
2116 2715 2365 2754 averterett

374 2770 432 2816 ὅτ
454 2767 583 2816 dedit
607 2784 680 2816 me
705 2770 750 2816 in
775 2769 1027 2820 custodiam
1051 2770 1195 2820 domo
1215 2771 1431 2836 principis
1453 2771 1712 2829 satellitum,
1745 2770 1967 2834 fignificat
1988 2769 2280 2835 rejectionem
2301 2773 2365 2820 ab

377 2835 470 2882 illis
499 2851 607 2899 quae
629 2835 840 2899 primaria
856 2835 1248 2899 interpretationi-z
1285 2853 1359 2886 me
1394 2840 1449 2886 ὅτ,
1486 2837 1744 2903 principem
1782 2837 2021 2901 pistorum,
2055 2835 2279 2898 fignificat
2311 2853 2367 2886 u-

375 2913 594 2965 trumque
618 2900 842 2950 sensuale:
875 2902 928 2951 ,ac
951 2899 1279 2952 somniavimus
1303 2904 1533 2952 somnium
1572 2903 1619 2950 in
1650 2903 1783 2951 noste
1813 2919 1919 2960 una,
1951 2899 2173 2967 fignificat
2195 2905 2368 2966 praevi-

376 2966 481 3016 sum
508 2967 553 3013 in
566 2966 758 3015 obscuro
779 2985 790 3015 ι
820 2981 913 3030 ego
931 2968 987 3017 &
1010 2967 1063 3025 is,
1097 2969 1320 3034 fignificat
1342 2970 1400 3017 de
1423 2983 1616 3034 utroque
1638 2969 1855 3019 sensuali:
1905 2966 2096 3032 quisque
2116 2966 2366 3018 secundum

372 3031 795 3096 interpretationem
819 3033 981 3082 somnii
1006 3033 1072 3081 sui
1095 3036 1453 3093 somniavimus,
1468 3036 1688 3100 fignificat
1709 3034 1823 3098 quid
1838 3032 2039 3082 eveniret
2061 3032 2278 3096 utrique:
2311 3038 2365 3085 &

285 3116 288 3121 ·
373 3097 441 3145 ibi
465 3114 568 3145 cum
590 3099 723 3147 nobis
746 3115 858 3163 puer
882 3100 1130 3156 Hebraeus,
1166 3103 1390 3164 fignificat
1419 3101 1547 3165 quod
1569 3100 1831 3148 tentationis
1863 3098 1995 3147 causa
2018 3097 2121 3146 illuc
2144 3099 2366 3163 rejeftum
2415 3133 2418 3137 -

369 3165 524 3217 >insons
539 3164 783 3215 Ecclefiae:
818 3164 970 3216 servus
992 3166 1206 3234 principis
1227 3167 1485 3226 satellitum,
1519 3166 1739 3230 fignificat
1762 3165 1807 3216 in
1828 3180 1923 3230 quo
1942 3179 2105 3235 verum
2130 3166 2254 3230 quod
2274 3167 2368 3241 pri-

2217 3247 2368 3286 mario
