2606 3646
373 223 513 271 222
608 283 611 288 ⁵
704 200 1050 278 GE
1179 199 1472 276 NE
1548 201 1688 277 -Sr
1786 198 1853 273 I:
1925 202 2174 275 S
2231 216 2259 270 ὅ

372 329 490 378 dixit
524 328 755 392 Jehudah,
792 330 1011 395 significat
1050 336 1392 397 perceptionem
1433 333 1588 381 datam
1631 333 1756 380 bono
1788 332 2003 382 Ecclefiae
2045 333 2093 381 in
2131 334 2350 391 naturali:

374 396 489 459 quid
511 397 716 445 dicemus
739 397 934 445 domino
950 410 1070 451 me0,
1102 399 1216 461 quid
1239 400 1499 463 loquemur,
1516 399 1746 462 fignificat,
1760 398 2135 448 fluctuationem:
2172 402 2219 449 &
2239 417 2356 466 quo-

380 462 526 510 modo
542 461 906 525 justificabimur,
930 462 1151 524 significat
1167 464 1293 529 quod
1311 465 1374 512 rei
1398 465 1535 512 fimus
1555 481 1566 511 :
1616 465 1751 517 Deus,
1766 465 1942 515 invenit
1959 463 2246 530 iniquitatem
2271 468 2359 515 ser·

379 543 541 575 vorum
571 543 772 586 tuorum,
798 529 1021 592 fignificat
1042 529 1362 579 confeffionem
1382 547 1394 577 ε
1418 546 1521 590 ecce
1538 545 1620 577 nos
1634 530 1752 592 ⁵servi
1776 531 2109 588 domino-meo,
2130 533 2356 593 fignificat

354 591 501 658 'quod
528 594 737 658 privandi
762 595 905 642 libero
928 593 1116 657 proprio
1149 595 1194 642 in
1222 599 1519 659 perpetuum:
1555 595 1694 644 etiam
1729 611 1830 652 noS,
1867 595 2090 658 fignificat.
2124 610 2221 646 tam
2243 599 2356 647 affo-

376 662 512 706 crati:
547 661 683 707 etiam
710 662 754 707 in
779 659 904 723 cujus
929 659 1147 722 inventus'
1175 662 1398 724 schyphus
1434 677 1593 717 manu,
1630 661 1851 725 fignificat
1886 678 2026 726 quam
2067 664 2193 726 apud
2214 681 2355 728 quem

377 741 539 772 verum
557 726 743 773 interius
767 744 789 772 a
807 723 979 773 coelesti
1008 725 1213 775 Divino:
1249 730 1299 776 &
1322 726 1459 784 dixit,
1495 726 1608 774 abs1t
1632 727 1747 781 mihi
1768 742 1793 773 a
1820 726 2027 783 faciendo
2048 727 2152 784 hoe,
2187 731 2358 791 fignifi-

376 805 448 838 cat
471 794 597 854 quod
620 807 904 855 nequaquam
929 792 991 837 ita
1015 791 1122 838 fiet:
1157 794 1226 840 vir
1246 795 1292 841 in
1313 793 1437 855 cujus
1459 795 1671 841 inventus
1692 792 2104 855 schyphus.manu,-
2133 794 2358 855 fignificat

380 855 453 903 sed
479 858 603 920 quod
629 859 664 904 is
688 859 809 920 apud
833 872 972 922 quem
1002 871 1161 906 verum
1188 859 1370 907 interius
1394 872 1632 927 acceptum
1650 875 1677 906 a
1696 859 1899 907 Divino:
1935 860 2010 909 ille
2032 861 2116 906 erit
2138 861 2254 908 mihi
2272 862 2360 909 ser·

379 937 481 980 vus,
520 923 738 986 fignificat
761 926 885 987 quod
907 924 941 971 is
962 921 1007 968 in
1029 938 1299 986 perpetuum
1318 924 1567 988 subjectus:
1602 926 1653 972 &
1671 924 1995 977 vosssascendite
2013 926 2059 972 in
2079 940 2189 990 pace
2208 926 2263 973 ad
2282 942 2361 991 pa-

379 985 494 1035 trem
519 989 735 1045 vestrum,
772 991 994 1051 fignificat
1017 991 1144 1052 quod
1165 990 1384 1057 associati,
1416 990 1539 1054 apud
1572 1005 1689 1054 quos
1710 1005 1804 1038 non
1819 990 1877 1042 ‚id
1900 1006 2079 1051 vetum,
2098 992 2358 1040 ad‘statum

377 1054 574 1118 priorem
599 1055 800 1105 redituri.
1259 1059 1263 1063 “
1539 1065 1541 1067 ’
1879 1104 1882 1107 .
1937 1092 1939 1094 -
2325 1101 2331 1104 .
2404 1107 2406 1109 ,

446 1136 592 1182 5773.
630 1121 695 1168 Et
717 1122 1006 1186 disruperunt
1028 1122 1187 1178 vesteS‚
1223 1122 1351 1188 quod
1369 1121 1591 1184 significet
1614 1122 1805 1178 luditum,
1839 1121 2015 1173 constat
2048 1138 2107 1172 ex
2139 1125 2365 1186 fignifica-

379 1188 505 1234 tione
527 1187 802 1250 disrumpere
821 1189 980 1250 vestes,
1015 1188 1139 1257 quod
1156 1189 1210 1236 fit
1226 1189 1375 1245 ludius
1399 1189 1462 1236 ob
1483 1203 1647 1236 verum
1671 1188 1900 1243 amissum,
1931 1187 1991 1236 de
2013 1205 2105 1253 qua
2128 1206 2184 1236 n:
2206 1191 2360 1256 4763,

377 1253 453 1299 bic
469 1254 531 1300 ob
548 1269 650 1300 vera
665 1269 724 1300 ex
744 1257 948 1318 proprio,
984 1275 1092 1323 quae
1111 1255 1190 1303 fibi
1216 1254 1441 1302 vindicare
1459 1269 1549 1301 non
1564 1254 1761 1316 amplius
1784 1255 1977 1317 poffent,
2000 1255 2120 1319 xquia
2145 1254 2187 1303 se
2207 1256 2254 1302 in
2278 1257 2363 1304 ser-

378 1334 463 1372 vos
495 1319 773 1377 obtulerunt,
810 1333 902 1370 tam
926 1339 1077 1372 coram
1102 1320 1183 1370 illo
1206 1321 1284 1385 qui
1309 1320 1442 1385 super
1456 1318 1608 1383 ¹domo
1631 1320 1839 1384 Josephi,
1875 1319 2015 1372 Vers:
2040 1337 2089 1384 9,
2123 1337 2265 1385 quam
2288 1338 2366 1372 co·

379 1399 476 1430 ram
497 1384 594 1447 ipso
610 1385 830 1448 Josepho,
864 1387 986 1437 Vers
995 1382 1018 1436 τ’
1038 1404 1053 1435 1
1067 1390 1098 1437 6
1115 1410 1128 1443 ;
1165 1402 1246 1450 per
1268 1386 1395 1450 quod
1410 1386 1687 1446 significatur
1699 1385 1826 1450 quod
1840 1384 2004 1449 absque
2022 1386 2166 1436 libe-ro
2181 1403 2239 1435 ex
2259 1403 2363 1451 pro·

378 1451 481 1513 prio
504 1450 657 1507 effcnt,
692 1452 756 1500 ita
778 1452 943 1518 absque
960 1455 1083 1503 veris
1105 1469 1163 1502 ex
1187 1456 1343 1515 semet.
1372 1452 1556 1515 ngd
1582 1452 1757 1515 luctum
1779 1453 1843 1500 ob
1879 1467 1984 1499 vera
2004 1454 2278 1517 ex=proprio
2299 1466 2375 1512 at·,

382 1515 517 1573 tinet,
552 1517 632 1582 qui
655 1517 932 1579 significatur
968 1524 1048 1584 per'
1068 1518 1193 1585 quod
1215 1518 1491 1581 disruperint
1512 1517 1674 1573 vesteS,
1705 1516 1822 1565 &se
1853 1517 2103 1566 obtulerint
2121 1519 2173 1568 in
2195 1519 2364 1578 servos,

383 1581 635 1639 sciendum,
669 1583 799 1647 quod
815 1586 934 1649 apud
953 1587 1056 1636 illos
1077 1587 1160 1651 qui
1189 1594 1523 1647 regenerantur,
1547 1582 1723 1630 versura
1740 1583 1837 1640 fiat,
1861 1598 2027 1646 nempe
2046 1584 2173 1649 quod
2192 1600 2269 1648 per
2285 1601 2373 1634 ve-

380 1663 488 1696 rum
512 1648 732 1699 ducantur
752 1649 808 1697 ad
833 1652 1028 1710 bonum,
1063 1655 1114 1701 «Sc
1137 1650 1290 1715 postea
1312 1649 1440 1714 quod
1464 1664 1521 1695 ex
1552 1648 1675 1696 bono
1706 1648 1920 1696 ducantur
1954 1649 2010 1696 ad
2044 1666 2224 1706 verum,
2257 1666 2366 1700 cum

353 1768 356 1770 ,
383 1714 562 1762 versura
580 1713 653 1761 illa
667 1715 740 1772 fit,
778 1717 853 1766 seu
875 1733 982 1771 cum
1007 1730 1210 1766 mutatur
1227 1714 1365 1766 status
1390 1715 1484 1773 ille,
1513 1715 1568 1762 ὅτ,
1590 1715 1643 1774 fit
1663 1714 1862 1763 inversus
1883 1714 2040 1778 priori,
2076 1727 2185 1765 tunc
2201 1716 2366 1773 luctus,

383 1795 490 1828 nam
517 1780 756 1835 mittuntur
776 1789 889 1831 ‘tunc
911 1786 958 1832 in
981 1784 1302 1843 tentationem,
1331 1797 1417 1845 per
1438 1781 1582 1844 quam
1598 1779 2265 1839 infirmantur&debilitantur
2285 1783 2368 1831 illa

379 1862 491 1910 quae
515 1846 686 1911 proprii
710 1846 826 1906 sunt,
861 1840 912 1899 δε
935 1840 1179 1899 insinuatur
1211 1847 1404 1904 bonum,
1440 1847 1490 1894 &
1511 1862 1619 1895 cum
1650 1847 1774 1894 bono
1803 1860 1979 1898 novum
1999 1846 2134 1904 velle,
2166 1863 2368 1912 cumque

382 1913 472 1962 hoc
508 1928 684 1960 novum
709 1913 921 1972 liberum,
938 1956 940 1959 .
955 1908 1221 1977 itanovum
1253 1913 1522 1978 proprium:
1559 1913 1648 1959 hoc
1670 1911 2013 1976 repraesentatur
2035 1928 2115 1976 per
2130 1913 2260 1976 quod
2282 1913 2368 1961 fra-

387 1991 474 2027 tres
493 1978 684 2042 Josephi
717 1995 773 2026 ex
798 1979 1104 2044 desperatione
1144 1980 1307 2028 rev‘erfi
1338 1979 1424 2026 sint
1446 1977 1500 2025 ad
1522 1977 1796 2042 josephum,
1831 1979 1880 2026 &
1905 1977 1947 2026 se
1971 1978 2221 2027 obtulerint
2251 1979 2293 2026 ei
2322 1979 2371 2028 in

386 2044 553 2102 servos,
589 2046 640 2093 δε
662 2044 788 2108 quod
806 2046 913 2109 satis*
927 2048 1009 2095 diu
1033 2049 1206 2097 detenti
1231 2044 1397 2107 fuerint
1416 2045 1460 2091 in
1487 2044 1599 2092 statu
1625 2044 1738 2098 illo;
1770 2044 2104 2108 quodquenon
2124 2045 2204 2094 nist
2225 2060 2368 2107 quam

389 2108 492 2175 post
507 2110 806 2161 tentationem
830 2112 950 2161 illam
974 2113 1200 2179 Josephus
1225 2112 1266 2160 se
1291 2108 1643 2160 manifestaverit
1663 2129 1680 2164 ς
1715 2124 1822 2157 nam
1846 2109 2023 2175 peracta
2046 2110 2295 2160 tentatione
2317 2111 2373 2159 il-

381 2177 507 2227 lucet
526 2177 759 2225 Dominus
778 2193 886 2226 cum
905 2178 1077 2228 solatio.
1351 2220 1354 2222 v
1465 2182 1469 2183 ⁷
1782 2224 1788 2231 ..
1972 2203 1983 2224 η’
2020 2219 2025 2224 -
2332 2219 2335 2221 -

457 2258 602 2307 5774.
640 2242 704 2294 Et
721 2244 926 2292 oneravit
943 2244 1137 2310 quisque
1156 2245 1286 2309 super
1301 2243 1479 2293 afinum
1497 2241 1648 2300 suum,
1670 2243 1721 2291 δε
1735 2242 1894 2296 reversi
1909 2241 2007 2291 sunt
2022 2241 2203 2301 urbem,
2237 2242 2371 2307 quod

388 2308 611 2371 significet
628 2308 757 2370 quod
781 2326 804 2357 a
823 2310 1092 2359 sensualibus
1125 2310 1435 2359 reducerentur
1452 2324 1575 2356 -vera
1599 2309 1644 2356 in
1669 2307 1923 2366 scientifica,
1961 2307 2139 2360 ¹constat
2158 2323 2218 2357 ex
2236 2308 2376 2373 signi·

388 2374 597 2423 ficatione
613 2374 739 2431 alini,
763 2376 891 2440 quod
907 2376 1218 2433 scientificum,
1253 2376 1311 2425 de
1327 2391 1414 2440 qua
1431 2391 1490 2422 n:
1516 2390 1665 2436 5492,
1703 2374 1835 2438 super
1850 2385 1990 2438 quem
2006 2389 2208 2432 onerare,
2241 2375 2373 2440 quod

386 2441 444 2492 sit
465 2440 673 2487 reducere
696 2456 722 2486 a
745 2441 1031 2501 sensualibus,
1065 2443 1130 2491 est
1152 2443 1262 2507 quia
1284 2458 1365 2505 per
1388 2439 1655 2489 descendere
1679 2439 1820 2488 facere
1854 2442 2097 2488 manticam
2133 2440 2256 2489 suam
2289 2456 2377 2491 ter·

395 2522 508 2563 ram,
535 2506 808 2569 significatur
839 2509 1063 2556 adducere
1092 2509 1168 2556 illa
1201 2524 1310 2572 quae
1343 2510 1390 2554 in
1409 2506 1594 2561 naturali
1628 2505 1770 2571 usque
1801 2507 1858 2554 ad
1890 2505 2111 2564 sensualia,
2146 2508 2373 2570 n25767,

391 2573 538 2620 levare
562 2572 683 2622 illam
708 2572 831 2631 inde,
868 2575 930 2622 est
954 2575 1028 2623 hic
1051 2590 1236 2623 onerare
1258 2590 1317 2622 ex
1341 2572 1667 2636 significatione
1701 2571 1840 2629 urbiS,
1875 2572 2003 2636 quod
2038 2571 2090 2621 fit
2121 2572 2373 2621 doctrinale

391 2654 571 2694 verum,
609 2639 666 2685 de
689 2655 778 2701 qua
797 2657 853 2687 n:
879 2657 991 2699 402.
1018 2656 1163 2705 2450.
1191 2656 1336 2704 2943.
1362 2640 1507 2702 3216.
1576 2637 1726 2704 Qid,
1763 2639 1816 2688 fit
1837 2655 1861 2686 a
1881 2634 2146 2688 sensualibus
2161 2637 2372 2685 reducere

390 2720 495 2750 vera
514 2704 558 2750 in
582 2703 834 2760 scientifica,
872 2708 1025 2771 paucis
1048 2707 1367 2770 explicandum
1389 2728 1402 2760 ·,
1435 2703 1559 2752 aliud
1582 2704 1682 2751 sunt
1701 2703 1933 2760 sensualia,
1970 2704 2092 2752 aliud
2116 2703 2372 2760 scientifica,

396 2772 449 2822 δε
471 2770 594 2817 aliud
620 2785 741 2825 vera,
780 2771 1021 2820 succedunt
1056 2775 1136 2821 sibi
1167 2785 1348 2828 mutuo,
1382 2787 1408 2818 a
1431 2769 1704 2818 sensualibus>
1731 2771 1855 2819 enim
1888 2770 2084 2819 existunt
2117 2769 2374 2825 scientifica,

396 2840 445 2884 &
462 2852 484 2881 a
510 2834 763 2883 scientificis
789 2852 914 2891 vera·‚
951 2855 1057 2902 quae
1080 2839 1202 2886 enim
1224 2839 1391 2885 intrant
1415 2852 1495 2899 per
1525 2835 1690 2892 sensus,
1708 2852 1760 2883 ea
1778 2836 1823 2883 in
1839 2834 2058 2884 memoria
2076 2846 2374 2897 reponuntur,

399 2903 451 2950 &
475 2901 578 2948 inde
601 2902 830 2949 concludit
855 2903 997 2952 homo
1034 2904 1351 2961 scientificum,
1387 2916 1463 2950 aut
1485 2918 1543 2950 ex
1567 2902 1654 2949 illis
1690 2903 1883 2964 percipit
1915 2900 2210 2948 scientificum
2244 2899 2375 2965 quod

396 2967 529 3014 discit
549 2989 563 3021 ·,
597 2985 624 3016 a
646 2967 895 3015 scientificis
919 2970 1026 3017 dein
1049 2969 1280 3018 concludit
1314 2986 1433 3025 vera,
1467 2980 1546 3015 aut
1569 2984 1625 3016 ex
1644 2967 1731 3024 illis
1750 2965 1941 3031 percipit
1963 2982 2120 3013 verum
2139 2967 2267 3029 quod
2284 2965 2374 3015 dis·

397 3034 477 3088 cit,
514 3033 573 3080 ita
596 3050 782 3097 quoque
805 3037 1097 3098 progreditur
1119 3037 1269 3086 omnis
1293 3035 1436 3083 homo
1460 3050 1484 3081 a
1508 3033 1826 3096 pueritiacum
1864 3030 2093 3085 adolescit,
2127 3047 2235 3080 cum
2260 3048 2376 3096 puer

398 3099 464 3147 est
481 3113 505 3142 a
530 3099 790 3147 sensualibus
822 3101 993 3162 cogitat
1016 3103 1066 3150 ὃς
1090 3118 1155 3149 res
1183 3104 1324 3164 capit,
1361 3099 1679 3165 progrediente
1702 3111 1833 3150 aetate
1851 3113 1911 3145 -ex
1935 3098 2183 3146 scientificis
2204 3100 2378 3161 cogitat

396 3171 449 3220 ἃ
468 3184 533 3216 res
551 3168 687 3238 capit,
721 3167 770 3217 &
792 3166 948 3231 postea
964 3183 1020 3221 ex
1038 3169 1171 3225 veria„
1206 3168 1304 3216 haec
1322 3168 1396 3216 via
1414 3168 1477 3215 est
1495 3164 1809 3236 adjudicium,
1845 3163 1892 3212 in
1910 3164 2035 3230 quod
2054 3163 2212 3213 crescit
2229 3165 2375 3213 homo

2209 3243 2376 3290 aetatej
