2566 3640
328 241 1929 339 443‚.GENESJS‚

329 390 435 437 quae
452 373 600 422 existit
623 375 668 420 in
687 370 894 426 externis,
931 368 1177 430 fignificata
1197 369 1246 416 fit
1265 383 1346 431 per
1363 369 1603 433 serpentes,
1637 370 1759 432 apud
1776 370 2055 419 Matthaenm
2092 377 2125 402 “
2144 367 2307 421 Estote

324 439 553 502 prudentes
565 441 679 500 ficut
686 440 914 499 serpentes,
951 436 1000 481 ὅτ
1021 433 1244 496 simplices
1268 434 1378 482 ficut
1400 436 1631 482 columbae
1649 435 1681 454 '’
1716 452 1778 483 x:
1807 437 1891 490 163
1927 453 2031 485 cum
2049 450 2202 485 autem
2222 437 2306 486 ho-

335 522 415 553 mo
438 507 499 553 est
524 507 567 551 in
594 503 794 557 sensuali,
832 512 1032 546 remotus
1055 499 1113 545 ab
1136 500 1334 555 interno,
1369 511 1422 546 ut
1446 500 1544 546 sunt
1564 500 1627 546 illi
1650 500 1732 563 qui
1759 501 1802 546 in
1827 516 1936 548 vero
1954 504 2004 550 &
2024 503 2231 550 nondum
2258 503 2306 551 in

333 573 477 627 bono,
514 572 562 618 δι’
585 585 640 616 ex
666 567 845 614 sensuali
872 565 1091 628 loquitur,
1141 577 1250 610 tunc
1283 581 1362 627 per
1396 563 1645 628 serpentem
1676 565 1951 625 fignificatur
1983 568 2263 616 ratiocinatio
2285 588 2304 623 3

335 638 408 684 hic
433 638 598 697 itaque,
650 633 728 679 ubi
754 632 812 678 de
839 632 970 678 Dane
992 628 1155 690 agitur,
1207 629 1487 677 ratiocinatio
1511 630 1567 678 de
1589 646 1699 678 vcro
1721 632 1828 693 quia
1849 647 1941 678 non
1963 633 2107 681 adhuc
2129 633 2312 681 bonum

333 702 489 748 ducit:
525 701 728 762 alioquin
751 697 888 744 etiam
914 696 1098 751 malitia,
1144 694 1317 751 astutia,
1369 697 1419 743 &
1441 696 1591 752 dolus,
1645 696 1946 758 significantur
1968 712 2045 760 per
2068 697 2308 761 serpentes,

334 766 408 813 sed
435 780 515 828 per
534 765 750 827 serpentes
770 774 1030 817 venenatos,
1066 771 1117 807 ut
1133 776 1212 824 per
1236 762 1428 823 viperas,
1464 761 1513 808 ὅτ,
1538 761 1719 817 slmileS,
1754 762 1919 808 horum
1943 761 2219 812 ratiocinatio
2242 764 2307 811 est

333 846 583 879 venenum.
708 827 797 874 uod
824 827 996 889 serpens
1023 826 1073 873 fit
1098 825 1376 874 ratiocinatio
1398 843 1454 874 ex
1479 826 1682 882 sensuali,
1739 826 1944 875 videatur
1969 843 2027 873 n:
2059 843 2167 890 ¹95·
2197 830 2305 891 196.

339 912 430 960 197
458 917 472 951 3
508 898 557 943 ὅτ
580 895 708 959 quod
733 892 908 956 serpens
932 892 980 940 sit
998 907 1137 941 omne
1158 892 1328 939 malum
1353 892 1398 939 in
1424 907 1611 955 genere,
1665 893 1716 940 &
1737 893 1866 957 quod
1893 892 2008 940 mala
2030 908 2109 957 per
2131 893 2314 960 serpen7

334 974 433 1010 tum
453 977 617 1023 genera
641 958 993 1020 distinguantur,
1033 973 1089 1003 n:
1117 973 1227 1018 251.
1254 973 1364 1020 254.
1389 972 1499 1022 257.

401 1029 545 1090 6399.
582 1026 772 1088 Serpens
787 1023 964 1087 jaculus
981 1022 1109 1085 super
1127 1022 1301 1079 semita,
1358 1024 1484 1087 quod
1505 1021 1726 1085 significet
1742 1022 2132 1072 ratiocinationem
2152 1040 2210 1072 ex
2228 1028 2314 1073 ve-'

332 1108 384 1140 ro
409 1094 467 1140 de
492 1093 633 1147 bono,
667 1089 839 1137 constat
861 1105 917 1135 ex
938 1087 1264 1150 significatione
1282 1086 1497 1151 serpentis
1510 1087 1669 1150 jaculi,
1721 1089 1849 1152 quod
1873 1089 1924 1137 fit
1946 1090 2228 1140 ratiocinatio
2251 1092 2311 1140 de

333 1160 472 1215 bon0,
509 1157 566 1204 de
583 1168 673 1220 qua
697 1155 929 1219 sequitur;
965 1155 1014 1200 &
1030 1169 1087 1200 ex
1113 1154 1438 1215 significatione
1461 1154 1653 1210 semitae,
1689 1154 1816 1217 quod
1842 1154 1893 1201 sit
1913 1170 2091 1212 verum,
2138 1156 2197 1203 de
2220 1172 2311 1221 qua

333 1239 392 1271 n:
421 1225 532 1285 627.
561 1239 617 1285 ²3
628 1240 648 1284 3
659 1238 702 1283 3.
727 1235 868 1284 3477.
939 1220 1084 1283 Qiod
1119 1218 1293 1282 serpens
1309 1219 1482 1282 jaculus
1505 1219 1638 1282 super
1662 1219 1838 1278 semita,
1876 1221 1929 1268 fit
1953 1221 2232 1269 ratiocinatio
2253 1237 2312 1269 ex

328 1303 437 1335 vero
455 1289 513 1334 de
526 1288 664 1343 bono,
699 1288 761 1333 est
778 1288 885 1349 quia
903 1301 984 1348 per
1003 1284 1255 1348 serpentem
1275 1286 1549 1349 significatur
1567 1284 1860 1342 ratiocinatio,
1887 1286 1948 1332 ita
1965 1302 2044 1350 per
2057 1286 2311 1350 serpentem

325 1352 528 1419 jaculum
564 1353 846 1400 ratiocinatio
868 1366 976 1415 quae
1001 1349 1042 1396 se
1067 1349 1265 1416 projicit,
1301 1367 1468 1415 nempe
1491 1366 1549 1397 ex
1574 1365 1683 1397 vero
1706 1350 1763 1397 ad
1790 1351 1982 1409 bonum,
2020 1368 2127 1400 nam
2154 1367 2313 1400 verum

329 1420 449 1483 apud
469 1419 590 1475 illos,
625 1419 706 1481 qui
731 1417 1099 1481 repraesentantur
1118 1432 1200 1479 per
1219 1418 1417 1476 Danem,
1452 1417 1516 1464 est
1535 1415 1662 1472 infra,
1699 1417 1749 1464 ὅτ
1769 1417 1943 1464 bonum
1965 1416 2027 1464 est
2046 1417 2188 1481 supra.

397 1486 541 1544 6400.
581 1483 799 1530 Mordens
831 1484 1060 1529 calcaneos
1090 1483 1213 1546 equi,
1265 1483 1391 1546 quod
1420 1481 1644 1544 significet
1662 1481 1853 1530 fallacias
1876 1499 1933 1530 ex
1958 1482 2114 1532 infima
2139 1487 2318 1542 natura,=

328 1551 502 1597 constat
520 1565 576 1597 ex
601 1548 927 1611 significatione
953 1546 1172 1603 mordere,
1208 1548 1337 1611 quod
1355 1548 1410 1595 fit
1432 1548 1661 1594 adhaerere
1685 1549 1736 1595 ὅτ
1762 1547 1820 1594 s1c
1843 1548 2069 1596 damnum
2092 1549 2274 1598 inferrte
2295 1571 2313 1606 ς,

330 1631 387 1662 ex
412 1614 739 1678 significatione
763 1613 1070 1661 calcaneorum
1089 1612 1211 1676 equi,
1247 1613 1372 1677 quod
1390 1613 1476 1660 sint
1489 1611 1676 1659 fallaciae
1693 1627 1750 1660 ex
1768 1612 1926 1659 infima
1950 1628 2105 1661 natura
2132 1637 2147 1670 3
2178 1616 2316 1663 calca-

329 1697 443 1728 neus
458 1680 582 1727 enim
606 1679 668 1727 est
691 1679 909 1726 infimum
933 1678 1127 1725 naturale
1153 1679 1200 1725 &
1224 1693 1512 1741 corporeum,
1548 1694 1608 1723 n:
1639 1692 1749 1740 259.
1775 1681 1903 1741 4938
1931 1679 1988 1726 ad
2015 1695 2164 1741 4952,
2200 1682 2318 1728 &e-

331 1763 449 1811 quus
473 1745 535 1792 est
554 1745 870 1800 intellectuale,
910 1761 936 1789 n
953 1760 967 1788 .·
990 1743 1134 1806 2761.
1158 1743 1300 1805 2762.
1329 1758 1473 1804 32¹7·
1499 1757 1648 1804 5321.
1671 1743 1819 1805 6125,
1854 1742 1928 1789 hic
1944 1760 2087 1807 equus
2112 1747 2209 1794 sunt
2233 1746 2315 1793 fal-

334 1813 479 1868 laciae,
515 1811 621 1874 quia
641 1809 703 1856 est
727 1808 1024 1857 intellectuale
1050 1808 1198 1855 infimi
1219 1808 1425 1855 naturalis
1450 1807 1525 1855 seu
1549 1807 1784 1855 sensualis:
1821 1809 1948 1872 quod
1973 1810 2036 1856 illi
2061 1811 2142 1874 qui
2167 1811 2212 1858 in
2237 1827 2316 1859 ve·

334 1893 386 1925 ro
405 1881 505 1924 sunt
523 1879 572 1924 δε
593 1874 798 1923 nondum
823 1876 869 1921 in
897 1876 1037 1930 bono,
1072 1875 1118 1920 in
1140 1873 1312 1923 falliciis
1326 1874 1412 1922 fint
1427 1889 1487 1921 ex
1506 1872 1662 1921 infima
1677 1883 1845 1930 natura,
1880 1874 2077 1923 constare
2095 1876 2241 1939 potest
2259 1893 2316 1926 ex

335 1959 411 1999 eo,
448 1941 574 2006 quod
602 1957 759 1988 verum
792 1955 881 1986 non
907 1940 961 1987 fit
985 1941 1028 1986 in
1053 1939 1204 2003 aliqua
1227 1939 1342 1996 luce,
1381 1940 1460 1987 nifi
1483 1941 1606 2003 apud
1633 1939 1746 1987 illud
1770 1952 1850 1988 aut
1873 1940 1918 1987 in
1940 1941 2020 1988 illo
2044 1940 2097 1989 fit
2121 1942 2317 2002 bonum,

335 2009 511 2056 bonum
536 2007 660 2054 enim
677 2006 738 2052 est
763 2006 896 2053 instar
919 2006 1138 2071 flammae,
1173 2022 1281 2069 quae
1305 2006 1454 2053 lucem
1478 2022 1503 2052 a
1528 2006 1570 2052 se
1592 2006 1777 2060 emittit',
1829 2006 1878 2054 &
1901 2006 1982 2054 ubi
2007 2018 2113 2055 tunc
2137 2009 2314 2057 bonum

333 2073 522 2138 aliquod
546 2087 709 2119 verum
726 2071 937 2127 offendit,
974 2071 1062 2117 hoc
1081 2087 1170 2118 non
1191 2072 1332 2118 modo
1350 2071 1591 2128 illuminat,
1627 2072 1702 2118 sed
1721 2071 1768 2121 id
1786 2072 1923 2119 etiam
1944 2073 1989 2119 in
2014 2072 2137 2120 suam
2164 2074 2313 2122 lucem

336 2140 394 2186 ad
420 2139 460 2186 se
481 2136 724 2186 introducit
744 2159 757 2192 ;
793 2139 874 2199 qui
899 2136 1047 2200 itaque
1066 2136 1111 2183 in
1130 2152 1240 2183 vero
1263 2137 1362 2185 sunt
1385 2138 1434 2184 ὅτ
1453 2138 1658 2185 nondum
1679 2137 1724 2184 in
1743 2139 1882 2193 bono,
1920 2138 1964 2184 in
1985 2139 2196 2186 umbroso
2217 2140 2316 2188 sunt
2367 2180 2370 2182 ,

337 2207 389 2253 &
405 2206 672 2259 tenebroso„
688 2203 794 2265 quia
811 2219 974 2250 verum
1002 2202 1114 2249 nihil
1138 2203 1250 2250 lucis
1274 2219 1300 2250 a
1323 2203 1367 2250 se
1385 2203 1538 2261 habet,
1573 2206 1622 2251 ὅτ
1641 2204 1721 2250 lux
1737 2219 1846 2267 quae
1869 2203 1956 2251 illis
1979 2220 2035 2252 ex
2058 2205 2198 2262 bon0,
2250 2206 2316 2254 est

336 2270 552 2333 languida
576 2269 684 2315 ficut
708 2270 789 2314 lux
811 2284 921 2331 quae
943 2267 1198 2322 evanescit3
1241 2284 1377 2332 quare
1400 2269 1465 2315 illi
1489 2284 1595 2317 cum
1620 2269 1824 2331 cogitant
1847 2269 1896 2318 &
1919 2270 2236 2319 ratiocinantur
2256 2274 2316 2319 de

335 2351 465 2392 ver0,
500 2336 549 2383 ὅτ
567 2351 623 2388 ex
648 2349 756 2380 vero
778 2333 834 2381 de
854 2335 991 2390 bono,
1027 2333 1126 2381 sunt
1142 2334 1306 2381 fimiles
1325 2335 1410 2382 illis
1428 2335 1508 2398 qui
1524 2337 1571 2382 in
1595 2335 1789 2383 tenebris
1805 2334 2112 2399 phantasmata
2136 2337 2313 2395 vident,

338 2404 388 2450 δε
405 2401 591 2450 credunt
609 2414 796 2462 corpora
814 2400 946 2446 realia
962 2399 1047 2447 efle
1067 2419 1082 2453 3
1120 2412 1196 2446 aut
1213 2400 1294 2463 qui
1315 2400 1360 2447 in
1379 2402 1540 2448 umbra
1559 2401 1720 2448 vident
1737 2400 1782 2448 in
1802 2401 1970 2464 pariete
1989 2401 2228 2460 stric'turas,
2263 2405 2315 2452 δε

336 2483 419 2529 per
438 2467 711 2529 phantasiam
726 2463 896 2511 faciunt
913 2481 970 2512 ex
989 2466 1076 2511 illis
1092 2465 1293 2528 aliquam
1314 2465 1580 2528 imaginem,
1615 2467 1706 2514 five
1725 2466 1939 2524 hominiS,
1976 2467 2067 2515 five
2089 2468 2315 2526 animalis,

338 2535 677 2580 &tamencum
696 2532 839 2577 oritur
862 2531 958 2587 lux,
1008 2543 1195 2595 apparet
1217 2531 1343 2594 quod
1365 2531 1509 2580 solum
1530 2531 1748 2579 strifturae
1773 2532 1937 2580 nullius
1972 2533 2185 2595 imaginis
2207 2535 2317 2593 sint„

337 2598 538 2646 similiter
563 2597 603 2644 se
622 2597 753 2643 habet
774 2612 881 2643 cum
900 2595 1016 2643 veris
1035 2596 1156 2659 apud
1187 2596 1301 2652 illos,
1359 2597 1520 2644 vident
1552 2597 1676 2645 enim
1701 2598 1813 2645 ficut
1837 2613 1957 2655 vera,
1993 2599 2070 2645 illa
2093 2615 2199 2663 quae
2223 2595 2314 2647 non

339 2664 435 2710 sunt
460 2679 577 2716 vera,
612 2677 719 2723 quae
743 2664 891 2724 potius
915 2661 1192 2708 affimilanda
1217 2661 1318 2709 sunt
1342 2663 1682 2725 phantasmatis,
1735 2679 1786 2710 ac
1809 2662 2023 2711 stric‘turis
2048 2665 2091 2711 in
2117 2667 2312 2728 pariete:

339 2745 397 2775 ex
422 2730 580 2775 talibus
599 2730 752 2782 etiam,
777 2726 917 2789 quiin
936 2727 1089 2787 aliquo
1107 2742 1216 2774 vero
1233 2727 1416 2775 fuerunt
1434 2744 1490 2775 ex
1505 2728 1678 2784 Verbo,
1714 2728 1787 2775 scd
1807 2744 1897 2775 non
1914 2729 1959 2776 in
1979 2729 2122 2787 bono,
2155 2744 2314 2777 omnes

341 2794 527 2840 haereses
552 2792 935 2849 intraEcclefiam
959 2792 1240 2847 exstiterunt,
1292 2809 1398 2841 nam
1421 2794 1688 2841 haereticum
1712 2795 1924 2857 apparuit
1950 2794 2036 2842 illis
2059 2794 2235 2858 prorsus
2261 2807 2313 2842 ut

340 2859 513 2904 Verum
539 2879 552 2911 ·‚
588 2857 790 2904 fimiliter
815 2857 914 2904 falsa
940 2857 1056 2906 intra
1082 2857 1343 2914 Ecclesiam,
1395 2862 1476 2922 qui
1500 2859 1575 2906 illa
1599 2861 1963 2921 promulgarunt,
1998 2859 2124 2923 quod
2149 2875 2238 2906 non
2265 2860 2309 2907 in

339 2924 460 2970 bono
479 2923 661 2975 fuerint,
702 2923 900 2968 constare
925 2922 1066 2985 potest
1089 2938 1145 2968 ex
1169 2939 1241 2979 eo,
1293 2925 1419 2987 quod
1454 2926 1629 2971 bonum
1664 2924 1891 2971 charitatis
1920 2923 2144 2985 rejecerint
2175 2925 2312 2988 longe

338 2988 437 3051 post
457 3003 610 3035 verum
637 2988 759 3043 fidei,
795 2988 843 3034 δε
866 2988 1018 3050 quoad
1042 2988 1145 3035 talia
1169 2991 1320 3051 quoad
1341 3002 1515 3053 partem
1540 2989 1768 3046 finxerint,
1804 3006 1912 3054 quae
1929 3004 2035 3035 cum
2063 2990 2185 3035 bono
2208 2991 2312 3037 cha-

335 3054 477 3100 ritatis
513 3053 760 3099 nullatenus
794 3053 1084 3101 concordant.
1155 3054 1338 3100 Dicitur
1360 3056 1485 3118 quod
1513 3054 1577 3101 illi
1601 3057 1680 3117 qui
1706 3055 1750 3101 in
1775 3070 1902 3110 vero,
1954 3054 2003 3100 &
2028 3055 2235 3102 nondum
2261 3058 2310 3106 in

334 3120 457 3165 bono
482 3117 595 3171 sunt,
631 3118 685 3163 de
711 3132 822 3178 vero
845 3118 894 3164 ὅτ
917 3117 974 3162 de
999 3118 1122 3164 bono
1145 3119 1462 3167 ratiocinentur
1484 3136 1508 3167 a
1532 3120 1711 3167 fallaciis
1734 3135 1791 3166 ex
1816 3119 1971 3166 infima
1994 3132 2166 3177 natura,
2203 3121 2309 3169 ideo

331 3183 575 3230 dicendum
603 3182 714 3245 quid
742 3179 962 3238 fal-laciae·‚
1000 3183 1050 3231 fit
1076 3198 1157 3246 pro
1181 3185 1413 3251 exemplo,
1451 3186 1542 3235 vita
1568 3183 1764 3234 hominis
1786 3183 1886 3249 post
1910 3197 2120 3242 mortem,
2158 3187 2238 3248 qui
2263 3187 2310 3234 in

2122 3250 2308 3301 fallaciis
