2652 3704
370 188 2173 297 CAPUT->QUADR=AGESIMUM2PRIMUM.
2241 240 2334 309 ις

325 344 408 397 ibit
423 363 446 402 3
460 340 714 392 7ιίειιειΐείῑίιι·
730 340 856 389 enim
871 341 1015 390 homo
1035 343 1114 406 qui
1134 341 1181 390 in
1204 341 1330 391 bono
1350 341 1415 389 est
1449 344 1710 408 unoquovis
1735 358 1992 405 moment0,
2025 365 2052 395 a
2083 349 2230 412 prima
2253 350 2322 400 in—

322 409 462 476 fantia
481 407 541 458 ad
561 406 784 456 ultimum
797 407 912 456 vitae
930 409 977 456 in
1001 409 1198 468 munde,
1233 408 1286 457 δε
1308 409 1415 458 dein
1434 408 1482 457 in
1504 423 1748 470 aeternum,
1785 428 1877 460 non
1897 414 2045 463 solum
2078 417 2229 480 quoad
2253 417 2322 465 in-

321 476 487 528 teriora
508 475 584 524 sed
598 475 738 522 etiam
760 474 911 539 quoad
926 476 1164 534 exteriora,
1200 476 1252 525 &
1272 475 1364 525 hoc
1380 491 1462 543 per
1478 478 1705 541 proceffus
1727 478 1973 543 stupendos
1990 503 2003 536 ;
2038 481 2085 530 hi
2110 482 2320 547 sunt,qui

319 543 477 608 quoad
499 541 695 590 multam
715 553 894 606 partem
911 540 1084 591 faciunt
1106 542 1371 606 sapientiam
1396 543 1666 606 angelicam,
1700 561 1810 610 quae
1829 547 1957 610 quod
1975 547 2214 602 ineffabilis
2246 551 2318 607 fit,

319 612 373 660 δε
393 608 621 658 contineat
637 607 742 657 talia
763 623 871 672 quae
887 612 1004 658 auris
1027 625 1119 659 non
1135 608 1332 666 audivit,
1362 610 1418 659 &
1434 610 1595 659 oculus
1615 610 1707 659 non
1738 611 1875 669 vidit,
1912 630 1995 661 nec
2033 614 2192 679 usqam
2219 632 2319 680 per-

320 683 547 724 venerunt
569 675 617 723 in
630 674 967 738 cogitationem
990 676 1209 732 hominis,
1244 688 1408 725 notum
1431 676 1530 732 est;
1590 677 1734 726 sensus
1758 679 1955 727 internus
1978 681 2117 727 Verbi
2140 683 2198 728 de
2224 685 2324 731 tali-

318 742 406 796 bus
421 743 535 806 agit,
568 742 635 790 ita
651 743 918 805 adaequatus
934 742 1000 790 est
1016 742 1249 806 sapientiae
1271 743 1506 807 angelicae,
1538 744 1622 807 qui
1644 746 1751 792 cum
1775 745 1882 792 inde
1906 746 2055 794 influit
2076 749 2123 793 in
2143 747 2321 797 sensum

320 805 485 867 literae,
519 809 572 856 fit
592 808 859 872 adaequatus
879 807 1112 873 sapientiae
1129 809 1428 867 humanae,&
1451 809 1590 860 afficit
1607 810 1712 858 inde
1730 811 1916 860 latenter
1930 812 2029 861 illos
2051 814 2132 876 qui
2154 830 2211 862 ex
2236 815 2318 864 bo-

319 892 384 925 no
401 876 448 925 in
465 874 687 923 defiderio
703 876 803 922 sunt
825 874 993 923 sciendi
1017 892 1123 923 vera
1135 892 1195 924 ex
1209 875 1384 924 Verbo,

389 957 537 1006 5203.
573 940 722 989 M-alae
735 939 941 1004 aspectu,
973 942 1102 1005 quod
1125 942 1349 1006 significet
1371 958 1482 1007 quae
1509 958 1603 991 non
1636 942 1764 999 fidei,
1798 943 1972 991 constat
2003 961 2060 993 ex
2098 946 2321 1009 significa-

298 1008 447 1075 *tione
463 1008 756 1073 pulchrarum
778 1006 977 1072 aspectu,
1012 1009 1142 1074 quod
1166 1009 1253 1056 s1nt
1273 1024 1382 1074 quae
1398 1009 1528 1068 fidei,
1562 1010 1620 1058 de
1638 1025 1730 1074 qua
1764 1025 1876 1058 mox
1908 1010 2043 1076 supra
2065 1029 2095 1059 n
2117 1031 2127 1060 :
2170 1031 2321 1079 5199,

319 1076 429 1125 inde
444 1075 521 1124 hic
544 1073 681 1139 mala?
701 1072 882 1138 aspectu
900 1075 1003 1123 sunt
1025 1092 1135 1140 quae
1158 1091 1251 1122 non
1265 1076 1390 1127 fidei.

333 1194 335 1197 ,
389 1157 535 1206 5ιο4.
573 1140 638 1188 Et
655 1140 841 1204 graciles
859 1157 1007 1199 carne,
1025 1141 1152 1206 quod
1176 1141 1403 1206 significet
1420 1158 1504 1192 nec
1519 1141 1764 1199 charitatiS,
1799 1141 1977 1191 constat
2009 1160 2067 1192 ex
2102 1145 2321 1208 fignifica-

320 1208 449 1259 tione
471 1207 721 1274 pinguium
742 1222 890 1264 carne,
925 1210 1057 1273 quod
1106 1207 1191 1256 smt
1236 1225 1347 1272 quae
1387 1209 1638 1265 charitatis,
1673 1210 1732 1257 de
1778 1225 1868 1273 qua
1905 1210 2044 1259 etiam
2090 1211 2223 1276 supra
2263 1231 2319 1261 n:

322 1290 476 1337 5200,
511 1274 620 1323 inde
656 1273 735 1321 hic
769 1274 958 1336 graciles
984 1289 1140 1333 carne,
1202 1272 1307 1324 sunt
1343 1291 1453 1340 quae
1484 1291 1578 1323 non
1616 1275 1840 1332 charitatis
1864 1297 1879 1331 ;
1914 1292 2021 1325 nam
2041 1277 2087 1325 in
2110 1281 2325 1344 opposito

319 1342 441 1391 sunt.

320 1430 324 1455 ς
349 1433 368 1458 ,ρ
385 1421 535 1469 5205.
569 1404 638 1455 Et
657 1403 871 1455 steterunt
885 1403 1018 1469 juxta
1049 1421 1208 1454 vaccas
1227 1405 1359 1471 super
1374 1404 1473 1470 ripa
1496 1405 1644 1462 fluvii,
1678 1407 1807 1472 quod
1847 1408 2072 1471 significet
2106 1412 2241 1476 quod
2273 1414 2322 1461 in

313 1472 520 1525 terminis
535 1472 622 1520 ubi
635 1486 759 1530 vera,
790 1472 966 1530 constat
985 1487 1044 1520 ex
1069 1471 1399 1538 fignificatione
1421 1471 1534 1520 stare
1547 1471 1679 1537 juxta
1700 1474 1833 1537 supe-r
1872 1476 1973 1538 ripa
2010 1476 2156 1535 fluvii,
2192 1480 2323 1543 quod

313 1541 373 1591 fit
393 1539 442 1587 in
458 1538 681 1596 terminiS,
713 1539 843 1604 quod
861 1538 1028 1589 fluvius
1045 1539 1101 1588 fit
1116 1541 1353 1596 terminus,
1397 1538 1608 1588 videatur
1629 1556 1687 1587 n:
1715 1542 1860 1605 5196.
1882 1556 2041 1606 51973
2077 1545 2127 1592 δε
2149 1561 2206 1592 ex
2231 1545 2322 1610 fig·

314 1607 582 1656 nificatione
603 1621 866 1663 vaccarum,
900 1605 1029 1670 quod
1052 1606 1140 1654 fint
1160 1621 1271 1654 vera
1291 1606 1519 1662 naturalis,
1543 1606 1602 1653 de
1622 1622 1714 1671 qua
1737 1607 1864 1671 supra
1889 1624 1917 1654 n
1938 1625 1950 1654 ε
1969 1614 2116 1673 5198.
2187 1613 2323 1674 Quo·

315 1672 467 1723 modo
480 1688 588 1720 cum
612 1672 683 1721 his
706 1671 750 1737 se
772 1672 924 1729 habet,
947 1687 1115 1737 nempe
1130 1672 1255 1738 quod
1273 1671 1377 1721 falsa
1400 1671 1600 1722 steterint
1623 1673 1669 1722 in
1685 1668 1891 1722 terminis
1903 1674 1981 1721 ubi
2006 1691 2129 1734 vera,
2167 1693 2226 1725 ex
2258 1679 2325 1729 se-

309 1739 562 1806 quentibus
583 1739 771 1804 patebit,
807 1738 854 1787 in
877 1737 1024 1803 specie
1041 1739 1122 1789 ubi
1145 1738 1474 1804 explicandum
1497 1739 1637 1796 venit,
1673 1740 1786 1804 quid
1812 1742 1856 1787 in
1880 1740 2004 1788 sensu
2030 1742 2208 1791 interno
2233 1745 2320 1807 lig-

313 1807 530 1856 stificatur
551 1821 632 1871 per
650 1806 827 1870 septem
847 1820 1075 1854 annorum
1091 1804 1264 1855 famem
1287 1805 1334 1854 in
1359 1818 1476 1855 terra
1491 1806 1708 1870 AEgypti‚
1734 1822 1844 1871 quae
1865 1807 2083 1870 praedicta
2113 1812 2163 1858 &
2180 1811 2320 1872 ligni,

311 1873 450 1923 ficata
466 1871 559 1922 fuit
580 1889 664 1938 per
684 1871 859 1938 septem
882 1887 1039 1922 vaccas
1055 1874 1195 1927 malas
1210 1872 1392 1938 aspectu
1415 1873 1465 1922 &
1497 1872 1686 1937 graciles
1712 1888 1859 1931 carne,
1900 1885 2002 1922 turn
2041 1891 2123 1940 per
2144 1878 2321 1943 septem

311 1939 468 1989 aristas
488 1940 677 2002 graciles
692 1939 743 1988 &
764 1938 946 1988 exustas
961 1954 1089 1991 euro.

383 2007 534 2071 5206.
569 2005 638 2056 Et
658 2006 960 2056 comederunt
975 2022 1128 2056 vaccae
1150 2010 1288 2059 malae
1315 2006 1499 2074 aspectu
1522 2008 1573 2057 &
1596 2007 1785 2071 graciles
1808 2023 1956 2064 carne,
1992 2008 2115 2073 quod
2139 2009 2316 2072 fignifi-

310 2083 391 2123 cet
409 2072 542 2139 quod
563 2071 673 2123 falsa
694 2088 802 2138 quae
823 2089 916 2122 non
941 2073 1051 2123 fidei
1091 2075 1260 2129 &mon
1286 2075 1515 2124 charitatis
1538 2076 1912 2132 exterminarent,
1947 2076 2122 2124 constat
2146 2093 2204 2124 ex
2227 2079 2318 2140 fig-

309 2139 579 2190 nifioetione
598 2140 861 2199 comedere,
889 2141 1027 2204 quod
1048 2141 1104 2190 fit
1124 2142 1406 2199 consumere,
1440 2141 1497 2188 de
1520 2156 1608 2204 qua
1631 2157 1689 2188 n:
1719 2157 1867 2205 5¹49·
1892 2158 2039 2207 5157,
2065 2142 2138 2190 hic
2160 2159 2318 2192 autem

312 2205 635 2265 exterminare,
666 2207 777 2272 quia
798 2221 906 2256 vera
921 2214 1037 2273 *quae
1061 2209 1114 2257 in
1135 2208 1345 2266 naturali,
1380 2220 1625 2271 antequam
1649 2207 1884 2255 vivificata
1901 2207 2007 2255 sunt
2022 2224 2111 2271 per
2133 2211 2320 2258 coeleste

312 2272 577 2341 spiritualis,
609 2273 805 2339 proinde
820 2287 1102 2337 ¹regenerata,
1133 2276 1261 2341 quafi
1285 2273 1589 2323 exter-minata
1606 2273 1714 2322 sunt
1730 2290 1815 2336 per
1838 2272 1978 2330 fall'a3
2015 2276 2319 2338 exfignifica-

310 2343 444 2393 tione
464 2355 705 2390 vaccarum
727 2340 956 2390 malarum
978 2341 1180 2406 aspectu,
1214 2342 1344 2406 quod
1367 2343 1454 2390 sint
1476 2356 1585 2405 quae
1606 2355 1697 2406 non
1722 2340 1851 2396 fidei,
1887 2342 1947 2388 de
1974 2358 2075 2405 ⁴qna
2110 2358 2223 2390 mox
2247 2343 2318 2391 su-

310 2424 400 2474 pra
435 2421 648 2473 11:5203
670 2427 687 2463 ς
721 2407 774 2457 &
793 2422 852 2455 ex
875 2407 1204 2471 fignificatione
1225 2408 1464 2473 gracilium
1489 2421 1642 2466 carne,
1674 2407 1800 2470 quod
1817 2408 1911 2456 -fint
1931 2424 2042 2473 quae
2060 2423 2151 2457 non
2175 2410 2316 2459 chari-

312 2474 433 2532 tatis,
464 2473 527 2522 de
541 2488 636 2538 qua
652 2473 793 2523 etiam
817 2473 1021 2538 supra-nt
1043 2490 1189 2537 5204.

382 2551 540 2604 5207,
567 2540 759 2604 Septem
781 2555 935 2589 vaccas
952 2541 1164 2606 pulchras
1186 2541 1370 2606 aspectu
1393 2543 1443 2592 &
1461 2540 1677 2604 pingueS,
1712 2540 1841 2604 quod
1866 2538 2213 2603 fignificetvera
2236 2560 2313 2590 na-

310 2606 475 2656 turalis
493 2620 604 2669 qua:
625 2606 736 2656 fidei
772 2608 825 2657 &
852 2607 1103 2665 charitatis,
1135 2609 1309 2657 constat
1346 2624 1372 2656 a
1406 2606 1737 2671 fignificatione
1769 2621 2024 2663 vaccarum,
2059 2608 2187 2672 quod
2223 2610 2311 2658 smt

310 2690 423 2724 vera
443 2672 676 2730 natm-alis,
709 2673 770 2721 de
788 2689 886 2739 qua
907 2673 1040 2740 supra
1061 2690 1119 2723 n:
1146 2679 1273 2740 5198
1296 2696 1312 2730 ς
1345 2690 1405 2723 ex
1428 2673 1760 2736 fignificatione
1780 2671 2081 2735 pulchrarum
2104 2674 2306 2739 aspefiu,

315 2739 448 2806 quod
470 2738 556 2787 lint
577 2753 693 2803 qua
708 2739 837 2799 fidei,
871 2739 932 2789 de
949 2756 1125 2806 quan:
1151 2757 1282 2806 5199
1304 2763 1319 2798 ς
1353 2742 1406 2790 ὅτ
1441 2758 1499 2790 ex
1521 2739 1847 2802 fignificariene
1868 2738 2141 2804 pinguium,
2178 2743 2309 2806 quod

312 2809 403 2857 sint
421 2821 533 2872 quae
549 2805 795 2864 charitatis,
827 2806 888 2855 de
903 2823 999 2872 iqua
1019 2822 1052 2856 n
1069 2824 1082 2855 ε
1097 2822 1246 2869 5200.
1317 2807 1462 2923 O÷10d
1482 2807 1630 2870 ipsam
1655 2821 1753 2854 rem
1775 2803 1953 2863 attinet,
1988 2808 2111 2871 quod
2136 2824 2307 2873 nempe

310 2889 421 2924 vera
449 2871 754 2921 exterminata
789 2871 878 2920 fint
902 2890 940 2922 -e
961 2873 1154 2923 naturali
1187 2889 1275 2939 per
1299 2872 1366 2923 fal
1385 2891 1411 2923 a
1433 2873 1482 2922 in
1510 2872 1733 2928 terminis,
1767 2871 2019 2931 sciendum,
2053 2873 2192 2937 quod*
2219 2875 2310 2924 hoc

311 2938 398 2988 fiat
413 2940 461 2988 in
483 2937 713 3003 principio
726 2939 782 2986 *in
804 2940 938 2987 omni
960 2943 1316 3004 regeneratione,
1350 2956 1457 2989 vera
1479 2939 1603 2987 enim
1627 2955 1736 3003 quae
1775 2938 2002 3001 principio
2026 2937 2307 2990 insinuantur

311 3004 436 3071 apud
458 3005 720 3062 hominem,
755 3003 860 3053 fiant
875 3004 1070 3070 quidem
1092 3005 1140 3053 in
1161 3005 1208 3054 se
1229 3022 1354 3063 vera,
1389 3005 1465 3054 sed
1501 3020 1594 3053 non
1629 3004 1732 3054 sunt
1754 3020 1862 3053 vera
1896 3003 2021 3068 apud
2056 3006 2190 3054 illum
2217 3011 2308 3071 pri-

298 3073 508 3138 vnsquam
526 3069 900 3134 illisadjunetum
918 3071 984 3121 est
1003 3073 1194 3130 bonum,
1217 3072 1393 3122 bonum
1407 3070 1674 3137 adjunctum
1693 3070 1798 3125 facit
1815 3071 1942 3135 quod
1962 3086 2066 3119 vera
2081 3073 2166 3120 smt
2183 3089 2306 3133 vera,

314 3140 491 3189 bonum
513 3136 580 3185 est
601 3135 848 3195 effentiale,
882 3139 932 3186 &
952 3154 1056 3187 vera
1079 3138 1181 3187 sunt
1202 3138 1299 3200 ejus
1317 3139 1546 3196 formalia,
1577 3151 1858 3202 quapropter
1881 3137 1927 3184 in
1951 3139 2178 3202 principio
2202 3156 2307 3203 pro-

306 3217 380 3267 pe
399 3218 506 3254 vera
527 3201 632 3259 sunt
650 3199 779 3263 falsa,
811 3204 888 3280 [eu
912 3205 959 3254 in
983 3204 1192 3268 terminis
1208 3205 1289 3255 ubi
1307 3220 1413 3255 vera
1434 3204 1575 3255 etiam
1601 3205 1702 3254 sunt
1724 3202 1859 3260 falsa3
1893 3205 1969 3254 led
1994 3202 2115 3276 sicut·
2130 3206 2305 3254 bonum

829 3275 865 3300 er
2018 3286 2310 3336 conjungitur
