2566 3640
269 221 399 305 508
624 221 681 291 G
822 221 890 292 E
1020 217 1115 290 N
1199 215 1306 317 ⁴E
1442 216 1506 315 S
1637 214 1881 292 IssssS

273 345 446 410 Affyn‘i
486 346 535 395 ὅτ
591 348 672 396 filii
713 348 925 397 Aschuris
977 363 1060 412 pro
1093 345 1435 396 ratiocinatione
1467 357 1623 394 eontra
1655 362 1763 401 vera
1794 347 1924 405 fidei,
1982 363 2010 396 n
2030 364 2041 395 ε
2091 365 2110 399 1
2126 367 2142 398 1
2190 348 2274 398 86.

271 417 446 478 equites
470 414 719 477 equitantes
742 416 867 479 equis
887 430 969 478 pro
989 413 1218 461 intelleEtu
1238 412 1468 477 perverso,
1503 412 1626 459 unde
1649 412 1767 461 falsa.
1838 415 1986 478 Apud
2010 415 2262 465 Habakuk

277 488 314 509 “
341 481 447 542 Ego
485 484 683 528 excitans
723 482 984 538 Chaldaeos,
1020 492 1224 543 »gentem
1257 492 1457 526 amaram
1482 479 1532 526 δε
1555 478 1859 543 praecipitem,
1886 544 1891 545 ⁷
1913 497 2186 545 pergentem
2209 484 2263 532 in

212 558 214 560 ·
273 547 565 594 latitudinem
593 561 741 605 teme,
777 548 833 593 ad
853 546 1218 594 haereditandum
1242 544 1498 592 habitacula
1522 560 1614 591 non
1639 545 1733 608 sua,
1767 544 1893 608 cujus
1914 548 2143 605 leves-sunt
2165 566 2265 612 prae
2290 612 2292 614 ι

274 614 426 676 pardis
446 615 573 675 Equi,
597 615 716 660 oculi
738 630 833 677 prae
852 613 969 676 lupis
986 612 1206 676 vesperae‚
1230 621 1280 660 ut
1297 609 1538 673 diffundant
1550 611 1607 673 se'
1618 611 1795 674 Equites
1812 611 1916 674 ejus,
1942 614 2256 680 undeEquites

275 680 365 742 ejus
389 696 412 725 e
438 681 695 743 longinquo
718 681 907 726 veniunt
926 676 958 697 ’²
995 695 1011 726 1
1034 696 1044 725 :
1070 680 1117 728 6.
1145 681 1191 735 8,
1242 677 1450 724 Chaldaei
1475 692 1559 740 pro
1583 676 1672 723 illis
1699 677 1852 739 qui¹in
1875 676 2133 745 falswsun't,
2185 683 2259 731 sed

275 747 323 792 in
348 748 543 792 extemis
576 760 792 808 apparent
827 746 914 793 effe
940 745 985 792 in
1007 745 1141 801 veris,
1196 742 1257 790 ita
1281 758 1366 806 pro
1387 741 1748 807 prophanatione
1779 743 1895 801 veri,
1947 738 2263 808 Babelvantem

275 827 363 877 pro
387 813 742 874 prophanatione
769 813 892 868 boni,
930 828 990 859 n:
1023 827 1040 857 1
1059 814 1165 860 ι87..
1197 811 1319 872 1368
1343 830 1359 864 ·,
1395 814 1583 873 pesgere
1602 809 1648 863 in
1666 807 1957 858 latitudinem
1983 815 2147 870 terrae,'
2176 830 2261 878 pro

277 878 501 925 destruere
538 895 661 934 vera,
715 879 839 942 quod
878 877 1076 926 latitudo
1112 888 1247 924 terrae
1282 876 1337 924 fit
1373 891 1556 931 verum,
1607 874 1895 923 videaturn:
1923 893 2070 942 3433.
2111 884 2263 943 3434.

278 950 406 1003 4482
431 965 444 999 ;
498 945 601 992 inde
626 958 764 1008 patet,
817 944 944 1009 quod
972 944 1181 1008 Equites,
1225 942 1303 1008 qui
1330 941 1372 990 se
1394 941 1682 999 diffundunt,
1725 942 1819 991 &e
1843 941 2103 1010 longinquo
2125 946 2265 994 adve-

273 1013 431 1067 munt,
468 1010 550 1059 fint
574 1011 645 1058 illa
669 1028 777 1075 quae
801 1011 902 1059 sunt
926 1010 1176 1058 intelleftus
1199 1008 1411 1073 perverfi‚
1460 1009 1523 1057 ita
1544 1008 1661 1056 falsa.

349 1079 492 1139 6535.
532 1078 595 1125 Et
618 1092 709 1125 erat
731 1077 950 1125 exercitus
973 1078 1123 1140 gravis
1146 1076 1294 1133 valde,
1329 1076 1455 1140 quod
1479 1075 1700 1137 significet
1721 1089 1828 1123 vera
1843 1075 1895 1124 δε
1912 1075 2031 1127 bona
2047 1078 2266 1143 conjunc·
2328 1077 2335 1085 ’

278 1157 339 1198 ta,
390 1143 559 1190 constat
583 1160 640 1190 ex
663 1143 989 1207 fignificatione
1023 1145 1262 1200 exercitum,
1315 1141 1443 1206 quod
1479 1141 1567 1189 fi-nt
1599 1157 1704 1191 vera
1724 1142 1776 1189 ὅτ
1800 1141 1937 1200 bona,
1987 1143 2046 1192 de
2076 1151 2178 1210 qua‘
2199 1164 2229 1195 n
2249 1165 2266 1198 ε

274 1214 428 1274 3448,
480 1212 530 1258 δε
553 1212 658 1274 quia
683 1211 755 1257 hic
777 1226 880 1257 vera
904 1211 954 1258 &
979 1210 1113 1268 bona,
1163 1224 1269 1273 quae
1293 1221 1386 1256 tam
1410 1208 1721 1270 fignificantur
1757 1222 1836 1271 per
1869 1210 2062 1258 seniores
2096 1214 2267 1265 domus

273 1278 545 1333 Pharaonis,
581 1278 632 1324 &
656 1277 847 1325 seniores
871 1289 1002 1324 terrae
1025 1276 1243 1340 AEgypti,
1277 1291 1418 1339 quarn
1441 1290 1549 1338 quae
1572 1291 1655 1339 per
1674 1275 1875 1323 domum
1898 1276 2159 1341 Josephs&
2175 1279 2264 1328 fra-

274 1356 366 1394 tres
398 1343 506 1405 ejus,
557 1357 610 1390 ut
633 1345 683 1391 &
707 1336 785 1406 per
809 1345 1004 1391 domum
1028 1346 1167 1406 patris
1188 1357 1368 1399 eorum,
1419 1341 1555 1390 fimul
1585 1346 1728 1400 erant,
1778 1338 1884 1392 ideo
1905 1357 1988 1406 per
2008 1345 2274 1412 exercitum·

275 1426 465 1474 gravem
491 1410 639 1466 valde,
678 1410 752 1457 hic
775 1410 1085 1472 fignificantur
1111 1424 1216 1457 vera
1239 1410 1289 1456 &
1310 1410 1429 1457 bona
1453 1406 1706 1471 conjunsta.
2190 1424 2195 1429 ·

349 1478 409 1537 65
417 1494 438 1537 3
449 1477 494 1525 6.
532 1475 672 1525 Vers:
707 1492 781 1526 10.
817 1495 886 1527 ιι.
913 1494 917 1498 ’
956 1477 1019 1524 Et
1043 1485 1254 1524 venerunt
1274 1474 1335 1523 ad
1354 1491 1502 1524 aream
1530 1474 1666 1532 Atad,
1701 1492 1796 1540 quse
1815 1478 1864 1526 in
1884 1477 2071 1539 transitu
2096 1478 2266 1543 Jorda‘-

276 1546 363 1598 nis,
416 1542 471 1591 δέ
491 1544 748 1604 planxerunt
777 1543 841 1590 ibi
868 1542 1090 1604 planHum
1113 1557 1311 1606 magnum
1334 1542 1391 1592 δ’
1407 1550 1593 1606 gravem
1616 1542 1763 1599 valde,
1815 1543 1872 1593 δέ*
1891 1544 2004 1604 fecit
2031 1549 2159 1608 patri
2181 1549 2266 1610 suo
2342 1552 2354 1571 Χ

278 1612 440 1671 lustum
464 1613 624 1672 septem
645 1608 745 1657 dies.
815 1609 878 1656 Et
898 1607 1011 1655 vidit
1033 1608 1252 1656 habitator
1292 1617 1422 1656 terrae
1458 1608 1700 1655 Cananaeus
1731 1607 1891 1658 ludum
1913 1611 1959 1656 in
1982 1626 2089 1660 area
2120 1614 2263 1673 And,

280 1676 336 1725 &³
360 1676 571 1732 dixerunt,
620 1675 757 1722 ludus
789 1677 947 1737 gravis
981 1675 1049 1722 hic
1087 1675 1319 1738 AEgyptiis‚
1367 1684 1592 1736 propterea
1629 1676 1810 1722 vocavit
1843 1690 1990 1730 nomen
2021 1677 2113 1739 esus
2146 1679 2266 1728 Avcl

275 1744 521 1798 Mizraim,
572 1743 644 1805 qui
664 1743 708 1788 in
730 1740 915 1802 transitu
954 1739 1178 1803 Jordanis.
1248 1739 1311 1788 Et
1345 1750 1570 1788 venerunt
1591 1739 1648 1786 ad
1671 1754 1816 1787 aream
1843 1740 2008 1797 Atad,’
2038 1742 2263 1806 fignificat

272 1810 448 1862 ,statum
469 1808 677 1872 *primum
699 1825 709 1854 :
758 1814 864 1870 quae
888 1809 931 1854 in
959 1808 1141 1855 tranfitu
1166 1805 1397 1871 jordanis,
1448 1805 1672 1867 fignificat
1692 1808 1777 1870 qui
1799 1806 2063 1876 initiqtionis
2086 1810 2142 1856 in·
2156 1825 2270 1875 cog-

274 1877 475 1927 ¹nitiones
494 1876 600 1922 boni
628 1875 677 1921 δε
701 1875 793 1921 veri
815 1891 825 1919 z
861 1875 912 1921 &
934 1874 1208 1936 planxerunt
1231 1872 1293 1920 ibi
1319 1872 1555 1935 planetum
1579 1885 1802 1933 magnum
1827 1873 1878 1921 &
1900 1887 2092 1936 gravem
2115 1875 2266 1935 valde,

285 1943 509 2003 fignificat
532 1940 766 1988 dolorem:
790 1940 839 1986 &
865 1938 971 1987 fecit
993 1939 1108 2002 patri
1133 1939 1213 1987 suo
1236 1938 1413 1987 luetum
1434 1938 1603 2002 septem
1627 1937 1739 1994 dies,
1773 1939 1999 2002 fignificat
2018 1941 2160 1991 finem
2184 1943 2271 1993 do-

282 2009 420 2056 loris:
473 2010 521 2055 &
548 2006 664 2057 vidit
685 2005 914 2058 habitator
937 2018 1068 2053 terrae
1092 2005 1541 2054 Cananaeus-lustum
1568 2018 1757 2065 gravem
1783 2005 1829 2052 in
1853 2021 1952 2055 area
1983 2007 2128 2065 Atad,
2171 2004 2268 2072 'fig-
2320 2036 2323 2038 -

268 2074 440 2123 nificat
475 2073 877 2137 apperceptionem
901 2072 1071 2121 doloris
1094 2086 1121 2119 a
1141 2072 1265 2118 bono
1295 2069 1538 2119 Ecclefiae-:
1590 2070 1640 2118 δε
1664 2069 1894 2127 dixerunt,
1945 2071 2089 2121 laetus
2111 2078 2269 2137 gravis

284 2142 359 2189 hic
395 2140 646 2204 AEgyptiis,
699 2137 922 2202 fignificat
954 2137 1082 2211 qu.⁰d
1104 2137 1237 2185 dolor
1259 2136 1511 2195 scientificis
1545 2148 1792 2200 antequam
1829 2138 2064 2187 initiantur
2086 2140 2133 2188 in
2157 2157 2264 2192 vera
2352 2153 2355 2155 ’

286 2206 535 2256 Ecclefiae:
570 2216 1045 2271 ‚proptereaxvocawt
1076 2218 1250 2254 nomen
1285 2202 1380 2270 ejus
1415 2202 1541 2252 Avel
1575 2201 1820 2261 Mizriam,
1878 2205 2104 2270 fignificat
2135 2208 2268 2273 quale

281 2274 471 2324 doloris·

358 2343 416 2402 65
426 2355 501 2405 37.
563 2339 628 2390 Et
665 2350 887 2387 venerunt
932 2339 987 2387 ad
1011 2354 1162 2388 aream
1203 2339 1352 2396 Atad‚
1388 2339 1523 2405 -quod
1566 2338 1793 2401 significet
1831 2336 1997 2390 statum
2035 2340 2266 2407 primum,‘

278 2407 458 2455 constat
481 2422 506 2453 a
542 2405 864 2468 fignificatione
887 2407 1040 2464 Areae,
1075 2407 1200 2470 quod
1242 2406 1294 2454 fit
1332 2405 1413 2454 ubi
1454 2407 1630 2454 bonum
1669 2406 1783 2463 veri,
1831 2423 1936 2455 nam
1981 2408 2028 2456 in
2068 2423 2167 2458 area
2199 2411 2268 2460 est

285 2473 589 2530 frumentum,
643 2473 693 2520 δε
741 2487 822 2535 per
861 2472 1146 2532 frumentum
1193 2472 1479 2534 fignificatur⁴
1513 2473 1690 2520 bonum
1737 2475 1867 2537 quod
1917 2489 1975 2521 ex
2022 2490 2150 2534 vero,
2202 2477 2266 2525 ἠε

287 2555 435 2604 5295.
472 2554 619 2601 5410,
653 2539 703 2586 δε
735 2553 920 2602 quoque
959 2540 1069 2587 boni
1112 2554 1292 2596 verum,
1323 2555 1402 2588 n:
1428 2554 1608 2604 *59593
1655 2540 1707 2588 &
1745 2554 1805 2586 ex
1842 2540 2170 2603 fignificatione
2192 2543 2266 2591 A·

290 2608 382 2662 tad,
419 2605 544 2670 quod
592 2604 646 2652 fit
681 2604 812 2666 quale
847 2605 966 2652 illius
1007 2604 1160 2660 statuS,
1210 2606 1325 2653 ficut
1364 2620 1446 2669 per
1481 2606 1670 2652 nomina
1717 2605 1918 2657 locorum
1960 2607 2098 2662 alibi;
2134 2606 2270 2673 quod

286 2688 367 2736 per
406 2687 555 2719 aream
585 2670 725 2727 Atad‚
763 2670 1039 2734 significetur
1061 2671 1216 2728 status,
1252 2686 1419 2734 nempe
1453 2670 1510 2718 ad
1545 2670 1718 2725 bonum
1752 2672 1805 2720 δε
1837 2686 1995 2720 verum
2033 2673 2267 2733 Ecclefiae'⁹

286 2738 352 2784 est
382 2739 486 2801 quia
518 2748 613 2783 erat
649 2737 694 2782 in
731 2738 916 2784 tranfitu
940 2737 1170 2797 Jordanis‚
1206 2739 1256 2785 &
1289 2737 1527 2801 perillum
1557 2736 1834 2799 significatur
1873 2738 2137 2792 initiatiojn
2159 2750 2268 2803 cog-

285 2805 483 2850 nitiones
507 2801 615 2850 boni
639 2803 689 2850 ὅτ.
713 2803 834 2857 veri,
865 2803 923 2850 de
945 2820 1041 2867 quo
1066 2819 1178 2861 mox
1201 2804 1432 2867 sequitur;
1467 2814 1559 2850 erat
1581 2802 1706 2850 enim
1729 2803 1950 2863 Jordanes
1980 2805 2155 2869 primus
2178 2819 2265 2854 ter-

288 2871 440 2916 minus
478 2868 535 2916 ad
577 2879 739 2916 terram
783 2869 1060 2926 Canaanem,
1106 2870 1164 2917 '&
1208 2872 1314 2933 quia
1359 2885 1439 2932 per
1477 2880 1644 2916 terram
1681 2870 1942 2919 Canaanem
1990 2871 2266 2933 fignificazur

287 2935 499 2989 Ecclesia,
550 2933 609 2980 ita
649 2949 730 2997 per
770 2935 1021 2997 Jordanem
1058 2934 1129 2982 illa
1170 2951 1276 2999 quae
1316 2934 1531 2988 Ecclefiae
1556 2935 1703 2998 prima
1750 2934 1874 2991 sunt,
1926 2935 2002 2983 seu
2041 2951 2124 3000 per
2150 2951 2267 2999 ‘quae

285 3001 345 3048 ad
377 3000 626 3047 Ecclefiam
662 3013 784 3063 patet
812 3001 1051 3055 introitus3
1103 3001 1209 3048 inde
1237 3001 1322 3058 est,
1357 3001 1486 3065 quod
1528 3015 1607 3063 per
1636 3015 1788 3050 aream
1829 3002 1957 3054 Atad
1991 3002 2265 3063 significetur

286 3067 471 3131 primus
486 3066 619 3111 status
633 3085 651 3119 ·‚¹
671 3066 719 3117 δι
744 3067 851 3130 quia
877 3067 1209 3129 fignificabatur
1232 3068 1406 3130 primus
1430 3067 1582 3123 statue,
1608 3066 1745 3115 fiebat
1768 3066 1917 3115 luctus
1940 3068 2075 3129 juxta
2095 3083 2263 3126 aream,

297 3132 519 3197 quoniam
543 3145 634 3178 erat
656 3133 717 3179 cis
737 3132 1011 3194 Jordanern,
1043 3134 1092 3180 &
1113 3134 1175 3181 ibi
1201 3134 1248 3180 in
1271 3133 1514 3196 conspeetu
1540 3143 1634 3179 erat
1657 3144 1772 3180 terra
1786 3133 1984 3188 canaan,
2019 3133 2099 3195 per
2122 3150 2266 3198 quam

281 3198 556 3261 fignificatur
582 3196 793 3246 Ecclefia‚
866 3197 1006 3262 Qod
1039 3214 1139 3246 area
1166 3197 1389 3261 fignificet
1425 3198 1507 3245 ubi
1538 3198 1715 3245 bonum
1740 3196 1833 3244 veri
1869 3198 1917 3245 δε
1946 3213 2110 3253 verum
2133 3201 2270 3260 boni,

276 3265 343 3319 fita
364 3264 444 3333 ,ubss
466 3263 536 3312 illa
559 3278 663 3326 quae
687 3262 789 3313 sunt
818 3263 1052 3322 Ecclefiae‚
1090 3264 1265 3333 constat
1301 3263 1423 3330 apud
1447 3262 1632 3327 Joelem
1667 3269 1704 3331 f}
1730 3261 1837 3312 Filii
1866 3262 2025 3314 Zionis
2047 3267 2264 3328 gaudete,
2303 3285 2305 3287 ¹
