2670 3698
376 250 721 328 CAPUT
752 228 2203 339 QUADRAGEerUMPRIMUM„
2261 276 2349 343 53

331 381 486 447 litum,
518 382 570 435 δε
592 378 700 429 dein
724 378 770 427 in
792 375 996 427 custodia
1028 376 1258 435 detentus,
1294 393 1347 426 ac
1373 377 1538 442 postea
1550 377 1698 426 factus
1721 378 1985 428 dominator
2008 380 2139 445 super
2162 381 2347 445 AEgyp-

316 442 447 511 tum,
481 461 538 498 ut·
568 447 914 512 repraesentaret
935 444 1179 511 quomodo
1204 446 1438 494 Dominus
1463 445 1509 492 in
1540 444 1598 492 Se
1635 447 1915 494 Humanum
1953 451 2227 512 progreffive
2255 451 2347 497 Di·
2393 468 2395 471 ¹

318 515 488 576 ¹vinum
520 514 644 572 fecit,
677 514 737 563 de
758 529 854 579 quo
876 511 1229 561 conscriberetur
1246 512 1477 570 Verbum,
1513 512 1643 577 quod
1664 513 1839 560 Divina
1875 514 2124 562 contineret
2151 517 2197 562 in
2221 516 2350 564 sensuv

309 582 524 644 ⁴inte-gni),
558 583 640 648 qui
677 581 824 630 sensus
859 579 1093 645 imprimis
1127 579 1361 628 inserviret
1396 580 1588 642 angelis,
1623 594 1828 644 quorum
1866 579 2099 644 sapientia,
2136 599 2242 646 quae
2280 585 2348 631 in-

318 647 745 716 ¹comprehensibilis
772 649 830 708 J&
871 645 1114 695 ineffabilis
1137 645 1202 693 est
1224 646 1474 712 respective
1496 646 1554 694 ad
1579 645 1846 711 sapientiam
1871 646 2138 706 humanam,
2176 651 2220 697 in
2246 652 2348 698 tali-⁴

316 709 408 773 ‚bus
437 717 521 777 est,
561 717 613 766 &
645 714 781 765 simul
818 714 1054 764 inserviret
1092 712 1372 771 hominibus,
1407 714 1489 777 qui
1515 713 1724 763 historica
1746 725 1899 762 amant
1923 730 2022 779 prae
2056 717 2256 781 reliquis,
2293 720 2346 766 86

323 786 433 834 talia
455 797 566 834 tunc
588 794 744 833 mente
766 781 967 831 volvunt
984 779 1034 828 in
1055 780 1226 846 quibus
1244 781 1394 846 angeli
1412 781 1583 830 Divina
1605 795 1688 847 per
1707 780 1938 830 influxum
1959 799 1984 830 a
2011 784 2224 833 Domino
2242 801 2348 850 per-

321 868 364 902 c1
404 865 516 902 runt.

318 911 325 961 Ῐ
367 869 540 984 p5308.
576 915 788 968 Etidixit
821 916 996 966 Pharao
1017 913 1077 965 ad
1104 913 1383 979 Josephum,
1416 915 1548 982 quod
1572 915 1798 980 significet
1830 918 2178 983 perceptionem
2213 931 2343 967 natu-

197 1039 202 1052 ,
290 1033 293 1036 .
321 987 428 1051 ralis
445 1003 470 1035 e
489 985 944 1050 coelesti'spiritualis‚
968 980 1142 1032 constat
1159 997 1184 1029 a
1201 983 1536 1048 significatione
1559 983 1710 1032 dicere
1730 985 1775 1032 in
1796 984 2016 1033 historicis
2035 986 2196 1041 Verbi,
2215 986 2349 1050 quod

320 1055 380 1118 sit
413 1055 669 1119 perceptio,
704 1052 763 1101 de
801 1069 893 1117 qua
933 1067 1046 1100 mox
1083 1049 1216 1114 supra
1257 1067 1312 1098 n:
1350 1052 1482 1116 5306
1503 1072 1518 1106 3
1553 1066 1611 1099 ex
1642 1050 2039 1115 repraesentatione
2078 1053 2350 1110 Pharaonis,

323 1121 455 1186 quod
482 1121 534 1170 fit
558 1120 768 1177 naturale,
804 1122 855 1169 &
877 1135 935 1169 ex
966 1116 1362 1183 repraesentatione
1398 1116 1611 1184 Josephi,
1645 1118 1774 1182 quod
1806 1118 1858 1166 sit
1880 1119 2061 1167 coeleste
2086 1120 2345 1184 spiritualiS,

324 1189 383 1237 de
400 1189 570 1253 quibus
594 1188 757 1250 saepius
781 1187 921 1251 prius,

395 1272 542 1319 5309.
580 1254 828 1318 Postquam
854 1253 1132 1317 cognoscere
1157 1252 1262 1303 fecit
1285 1253 1416 1303 Deus
1441 1251 1627 1300 tibimet
1656 1267 1796 1299 omne
1819 1251 1924 1309 hoc,
1961 1252 2089 1317 quod
2120 1253 2348 1316 significet

327 1322 436 1387 quia
455 1321 762 1370 Praevidentia
785 1322 835 1368 &
853 1321 1150 1370 Providentia
1169 1321 1264 1377 illa,
1288 1321 1462 1368 constat
1479 1336 1535 1366 ex
1553 1319 1882 1383 significatione
1902 1320 2187 1381 cognoscere,
2234 1337 2353 1369 cum·

327 1390 602 1455 praedicatur
633 1386 691 1435 de
729 1388 852 1442 Deo,
887 1388 1015 1451 quod
1039 1389 1095 1436 sit
1117 1386 1496 1452 praevidentia&
1526 1385 1835 1450 providentia,
1872 1386 1930 1433 de
1955 1387 2064 1433 Deo
2099 1390 2223 1435 enim
2250 1405 2346 1435 non

327 1457 418 1511 dici
443 1455 593 1520 potest
614 1454 740 1519 quod
770 1456 1036 1516 cognoscat,
1072 1471 1180 1503 nam
1205 1469 1263 1506 ex
1286 1455 1343 1502 Se
1367 1454 1500 1500 novit
1532 1451 1706 1508 omnia,
1742 1453 1792 1500 &
1810 1451 2005 1501 facultas
2039 1456 2350 1518 cognoscendi*

327 1523 454 1588 apud
478 1522 718 1578 hominem
749 1520 814 1568 est
837 1536 894 1567 ex
918 1520 1042 1585 Ipso,
1078 1537 1218 1587 quare
1241 1521 1514 1583 cognoscere
1536 1519 1600 1567 est
1624 1520 1671 1566 in
1697 1519 1803 1567 Deo
1835 1520 2092 1583 praevidere
2115 1523 2164 1568 δε
2190 1525 2346 1585 provi-

251 1605 254 1608 ’
328 1592 454 1646 dere,
490 1588 744 1654 praevidere
767 1587 831 1635 est
855 1588 1128 1652 cognoscere
1151 1589 1209 1637 ab
1231 1599 1407 1636 aeterno
1426 1587 1472 1634 in
1497 1600 1742 1643 aeternum,
1779 1587 1830 1633 &
1850 1586 2089 1649 providere
2113 1589 2175 1635 est
2202 1589 2346 1636 facere

327 1656 476 1707 illud:
512 1656 640 1721 quod
675 1653 973 1719 praevidentia
997 1657 1048 1704 &
1072 1654 1366 1719 providentia
1390 1654 1442 1702 fit
1473 1654 1558 1710 illi,
1593 1668 1763 1717 nempe
1786 1653 1956 1701 coelesti
1983 1654 2240 1718 spiritualis,
2279 1656 2352 1704 est.

328 1725 438 1791 quia
462 1723 509 1772 in
532 1721 662 1771 sensu
691 1721 871 1769 interno
894 1721 968 1769 hic
990 1722 1050 1769 de
1073 1723 1283 1770 Domino
1314 1722 1486 1784 agitur,
1526 1722 1624 1783 Qi
1647 1719 1711 1768 est
1733 1719 1913 1768 coeleste
1947 1721 2186 1785 spiritualis
2215 1723 2350 1788 quod

327 1807 411 1858 per
442 1789 710 1854 Josephum
729 1786 1088 1851 repraesentatur.

397 1874 424 1920 5
433 1875 546 1922 3¹0.
586 1857 749 1905 Nemo
783 1855 1044 1919 intelligens
1067 1862 1118 1905 δε
1142 1856 1315 1920 sapiens
1349 1856 1462 1903 sicut
1485 1866 1554 1914 tu,
1593 1854 1715 1921 quod
1743 1854 1967 1919 significet
1990 1855 2116 1921 quod
2145 1855 2250 1903 inde
2275 1856 2346 1905 so-

331 1927 428 1975 lum
452 1940 613 1972 verum
638 1924 688 1971 ὅτ.
712 1923 906 1979 bonum,
941 1923 1117 1972 constat
1140 1939 1196 1971 ex
1220 1923 1549 1986 significatione
1584 1922 1898 1986 intelligentis,
1933 1924 2062 1988 quod
2087 1921 2359 1982 fi'tffverumr

334 1994 385 2041 &
403 2007 461 2039 ex
479 1989 809 2053 significatione
827 1989 1053 2053 sapientis,
1078 1991 1206 2056 quod
1230 1991 1296 2041 fit
1307 1992 1500 2047 bonum,
1523 1989 1582 2037 de
1606 1988 1772 2054 quibus
1796 1992 1925 2054 supra
1945 2006 2002 2037 n:
2025 1996 2153 2054 5287
2177 2012 2190 2045 ·‚
2216 1992 2347 2055 quod

334 2075 428 2107 non
446 2074 505 2106 ex
521 2057 614 2105 alio
634 2072 776 2122 quam
801 2072 859 2104 ex
883 2057 968 2104 illo
986 2057 1098 2115 solo,
1134 2058 1413 2121 significatur
1435 2073 1517 2121 per
1536 2072 1693 2113 nem0,
1731 2059 1838 2121 quia
1862 2073 2001 2104 nemo
2026 2057 2100 2104 seu
2127 2058 2274 2105 nullus
2300 2058 2362 2105 ia»

334 2125 467 2176 sensu:
487 2125 671 2174 interno·
687 2123 751 2172 est
773 2125 1064 2186 negativum,
1101 2125 1160 2175 ita
1183 2124 1466 2173 exclusivum
1489 2125 1550 2173 ab
1577 2123 1708 2173 omni
1732 2123 1838 2182 alio,
1875 2124 2082 2173 videatur
2107 2141 2159 2185 n:
2199 2141 2290 2188 522
2299 2141 2350 2187 5.

375 2211 397 2241 2
476 2229 495 2242 ..

336 2211 364 2257 5
404 2210 495 2323 231
514 2278 550 2310 r.
589 2259 667 2308 Tu
701 2261 788 2308 eris
824 2259 957 2323 super
979 2259 1127 2309 domo
1167 2276 1283 2317 mea,
1321 2259 1450 2325 quod
1484 2258 1708 2321 significet
1729 2259 1857 2324 quod
1892 2258 1934 2306 ei
1973 2272 2111 2307 mens
2137 2258 2362 2306 naturalis*

336 2326 620 2388 subordinata
642 2327 692 2378 ὅτ,
717 2327 932 2375 submissa
961 2327 1064 2385 erit,
1101 2328 1276 2376 constat
1299 2342 1357 2375 ex
1387 2326 1716 2390 significatione
1741 2327 1927 2382 domus,
1963 2326 2091 2390 quod
2118 2325 2168 2373 fit
2200 2342 2364 2383 mens„

337 2392 396 2456 de
419 2410 510 2458 qua
533 2411 593 2442 n:
621 2397 768 2457 3538.
795 2409 943 2458 4973.
970 2410 1117 2458 5023,
1154 2395 1228 2442 hic
1253 2410 1382 2441 mens
1406 2394 1631 2451 naturalis,
1669 2395 1776 2457 quia
1801 2393 1964 2440 dicitur
1997 2394 2163 2440 domus
2200 2409 2298 2439 mea
2323 2410 2349 2440 a

339 2460 591 2518 Pharaone,
629 2476 707 2524 per
737 2476 880 2525 quern
914 2462 1255 2524 repraesentatur
1292 2462 1531 2515 naturale3
1569 2463 1696 2525 quod
1734 2460 2015 2507 subordinata
2048 2461 2097 2507 &
2132 2459 2352 2507 submissav

340 2529 444 2585 erit,
479 2527 766 2590 significatur⁴
781 2543 862 2590 per
883 2528 1006 2590 quod
1032 2530 1117 2578 erit
1151 2528 1281 2591 super
1311 2529 1404 2584 i-lla,
1439 2529 1521 2592 qui
1547 2529 1675 2589 super
1709 2525 1891 2587 alicujus
1918 2527 2061 2572 domo
2086 2526 2164 2580 est,
2202 2525 2362 2589 reipsa.—

340 2594 622 2651 dominatur,
659 2594 708 2644 &
741 2610 902 2643 omnes
930 2593 1011 2657 qui
1053 2595 1135 2652 ibi,
1172 2595 1446 2642 subordinati
1483 2595 1532 2640 &
1570 2593 1773 2639 submiffi
1808 2593 1920 2649 sunt,
1959 2591 2152 2640 domino
2182 2591 2368 2642 domu-3³

339 2660 478 2725 usque
501 2660 723 2715 retinente
741 2677 928 2718 nomen,
964 2663 1014 2710 ὅτ
1037 2662 1312 2726 dignitatem
1336 2660 1490 2724 quoad
1523 2656 1846 2723 apparentiam.

351 2771 377 2779 ,,
396 2743 554 2790 5312.
587 2726 665 2777 -Et,
680 2727 808 2790 super
839 2734 916 2776 ore
946 2741 1032 2776 tuo
1061 2729 1338 2776 osculabitur
1369 2726 1521 2775 omnis
1558 2727 1771 2790 populus·
1794 2741 1937 2782 meus,
1974 2725 2100 2787 quod
2125 2725 2365 2787 significet:

338 2794 624 2866 quodsomne
643 2793 706 2841 ibi
724 2793 804 2843 sub
825 2794 1084 2844 obedientia
1109 2796 1229 2843 illius
1252 2796 1353 2850 erit,
1389 2793 1602 2841 constata
1626 2794 1950 2855 significatione
1970 2792 2103 2854 super
2126 2809 2203 2837 ore
2223 2794 2349 2840 oscu-

339 2861 440 2918 lari,
471 2860 604 2926 quod
628 2859 683 2907 fit
699 2859 936 2922 agnoscere
959 2863 1009 2910 &
1033 2859 1177 2910 facere
1201 2862 1325 2926 quod
1338 2861 1489 2925 jubet,
1526 2862 1589 2907 ira
1612 2861 1799 2907 obedire
1821 2882 1834 2914 ς
1871 2861 1921 2907 &
1939 2875 1996 2905 ex
2015 2859 2350 2920 significatione

343 2927 496 2984 omnis
514 2926 675 2992 populi
693 2927 802 2983 mei,
837 2926 966 2990 quod
983 2929 1040 2976 fit
1052 2944 1192 2977 omne
1216 2931 1262 2976 in
1286 2927 1473 2975 naturali
1498 2949 1511 2981 ;
1548 2943 1628 2990 per
1651 2927 1878 2991 populum
1899 2927 2210 2988 significantur
2229 2942 2365 2984 vera„r

343 2994 554 3062 videatur
577 3007 809 3057 n:„1259.
841 2993 982 3042 1260.
1013 2999 1157 3057 3581.
1182 2996 1333 3060 4619,
1370 2994 1431 3041 ita
1456 2994 1499 3039 in
1529 2993 1715 3041 naturali
1737 2992 2022 3056 cognitiones
2047 2992 2362 3051 boni&veri„

346 3077 399 3121 ac
416 3060 683 3124 scientifica,
699 3077 820 3113 znam
845 3060 944 3109 haec
968 3060 1069 3108 sunt
1088 3077 1194 3108 vera
1218 3060 1442 3118 naturalis,
1480 3076 1507 3106 n
1526 3074 1584 3122 52
1595 3059 1672 3120 76.

360 3145 579 3191 ,‚45·3v413.,
599 3128 812 3183 Tantum
838 3126 955 3175 solio.
975 3139 1266 3191 magnus-ero
1306 3139 1417 3192 prae‘
1446 3139 1505 3182 te,
1542 3126 1670 3192 quod
1706 3125 1933 3189 significet
1967 3124 2101 3189 quod'
2119 3125 2372 3190 apparebit:

349 3191 625 3262 usquefiicut,
646 3210 673 3251 6
696 3193 905 3257 naturali,
942 3195 1051 3259 quia
1073 3211 1100 3242 a
1121 3193 1293 3262 coelesti
1320 3193 1564 3256 spiritualis
1589 3209 1669 3258 per
1692 3193 1820 3262 illud,
1856 3191 2027 3240 constat
2050 3209 2107 3240 ex
2130 3193 2368 3253 significae

351 3257 488 3318 {1qu
509 3258 811 3324 magnus‘ess‘e
835 3276 934 3329 prae
967 3261 1130 3320 altera,
1155 3261 1305 3327 quod„
1324 3258 1563 3326 fitsrnajor
1600 3259 1706 3319 effe,
1738 3258 1815 3309 hic
1853 3259 2011 3326 quoad
2048 3259 2383 3373 apparentiagrgss
