2670 3698
387 177 1695 313 CAPUTQUADRAGESIMUM
1726 173 2192 289 PRIMUM.
2268 217 2359 314 19*

342 347 401 394 'nt
426 338 570 404 5208.
598 341 725 402 5218
748 359 764 396 ;
797 351 842 388 at
863 339 1107 390 obscurum
1130 339 1346 400 ex‘falfis,
1380 341 1638 392 nullatenus
1671 342 1834 406 potest,
1871 340 1980 388 falsa
2000 342 2127 390 enim
2150 343 2254 392 sunt
2278 356 2351 393 to·

340 409 484 460 tidem
506 407 861 464 tenebrositateS,
895 424 1005 473 quae
1028 408 1181 457 lucem
1202 408 1311 456 coeli
1333 407 1645 472 exstinguunt,
1679 409 1731 458 δε
1753 409 1927 458 faciunt
1943 407 2052 459 inde
2074 409 2341 470 obscurum,

343 474 472 541 quod
496 472 700 522 illustrari
726 473 887 538 nequit
908 474 1168 539 priusquam
1198 473 1304 522 falsa
1326 487 1502 525 remota
1525 475 1642 525 sunt.

414 555 560 602 5220.
597 539 732 587 Vers:
766 543 809 588 8.
846 542 909 589 Et
940 542 1119 605 fabium
1142 543 1186 590 in
1219 544 1429 591 matutino
1458 544 1653 609 agitatus
1675 541 1861 606 spiritus
1887 543 2023 601 illius,
2059 541 2115 592 Es?
2146 542 2257 602 misit
2290 543 2350 593 &

344 610 522 658 ¹vacavit
543 619 678 656 omnes
698 621 844 669 magos
866 608 1070 672 AEgypti‚
1107 607 1164 657 ΕΞ
1184 624 1322 656 omnes
1332 610 1544 672 sapientes
1563 610 1695 668 illius,
1731 609 1789 660 δέ’
1808 611 2028 659 narrabat
2050 609 2234 657 Pharao
2258 609 2347 658 illis

331 676 543 739 somnium
569 673 714 736 fitam,
751 673 808 723 [9⁹
846 690 962 723 nemo
995 678 1283 739 interpretans
1311 675 1392 723 illa
1425 677 1666 727 Pharaoni.
1734 675 1800 724 Et
1817 676 1994 726 fastum
2018 677 2065 725 in
2097 676 2344 733 matutino,

341 741 471 805 'quod
506 741 732 803 fignificet
763 740 809 788 in
845 756 973 789 novo
996 741 1077 790 illo
1100 742 1244 789 statu:
1280 742 1476 804 agitatus
1500 743 1681 808 spiritus
1705 741 1838 801 illius,
1873 744 2098 808 fignificat
2131 744 2344 791 turbam:

342 810 396 856 ἅτ
417 807 539 855 misit
562 807 611 855 &
635 807 823 855 vocavit
842 822 1003 856 omnes
1028 810 1188 872 magos
1210 808 1412 873 AEgypti
1436 810 1487 858 δι’,
1506 809 1725 874 sapientes
1750 809 1888 869 illius,
1923 809 2147 875 significat
2163 810 2215 857 'in
2238 826 2370 875 con-t

340 875 554 923 sultando
578 874 818 921 scientifica
842 874 1052 922 interiora
1072 886 1171 922 tum
1197 874 1419 924 exteriora
1439 893 1449 923 :
1486 878 1538 924 ὅτ
1561 876 1766 924 narrabat
1785 875 1963 925 Pharao
1985 876 2072 924 illis
2095 876 2350 933 somnium,

340 941 566 1004 significat
581 941 640 987 de
657 940 844 989 futuris:
881 942 931 989 ὅτ
966 956 1107 989 nemo
1147 942 1440 1006 interpretans
1476 943 1554 991 illa
1588 943 1833 1001 Pharaoni,
1869 942 2093 1007 fignificat
2115 942 2244 1008 quod
2264 958 2349 1006 rie-3

342 1007 524 1056 sciretur
541 1006 656 1072 quid
673 1005 970 1071 contingeret.
1028 1043 1030 1050 ,

413 1089 506 1136 522
520 1091 558 1122 1.
597 1072 663 1121 Et
679 1072 856 1122 fastum
881 1075 926 1121 in
953 1073 1200 1133 matutino,
1236 1075 1365 1141 quod
1383 1075 1615 1139 significet
1638 1076 1685 1124 in
1704 1091 1828 1126 novo
1849 1075 1932 1124 illo
1954 1075 2087 1134 statu,
2120 1076 2297 1124 constat
2319 1075 2363 1125 ι’

341 1139 676 1205 significatione
699 1140 872 1189 factum
896 1141 970 1189 seu
994 1141 1099 1198 fuit,
1126 1143 1265 1207 quod
1282 1143 1490 1191 involvat
1506 1130 1697 1201 novufn,
1737 1143 1796 1191 de
1821 1159 1907 1207 qua
1931 1159 1961 1191 n
1979 1160 1990 1190 ε
2008 1157 2163 1208 4979.
2184 1147 2313 1207 4987
2329 1164 2348 1199 ;

341 1209 395 1257 &
418 1223 474 1255 ex
497 1207 828 1268 significatione
851 1209 1064 1256 matutini
1090 1208 1165 1255 seu
1190 1225 1342 1267 mane,
1376 1210 1506 1274 quod
1531 1209 1588 1258 fit
1625 1209 1937 1258 illustrationis
1969 1209 2124 1266 status,
2161 1211 2218 1259 de
2250 1226 2346 1274 qua

275 1305 284 1315 ι
343 1291 404 1323 n:
426 1278 573 1338 3458.
601 1288 750 1337 3723,
788 1273 863 1338 hjc
881 1274 1016 1323 status
1038 1273 1103 1321 est
1120 1274 1197 1322 ille
1215 1291 1363 1323 novus
1375 1277 1460 1341 qui
1486 1275 1775 1339 intelligitur,
1809 1276 1868 1324 de
1887 1291 1984 1341 quo
2000 1275 2347 1324 videatur'mox

351 1340 484 1406 supra
503 1356 534 1387 n
552 1357 564 1387 ε
584 1343 711 1401 5218
736 1361 750 1395 ;
774 1341 931 1404 agitur
962 1340 1039 1388 hic
1067 1339 1125 1388 de
1149 1341 1230 1388 illo
1254 1340 1368 1391 statu
1388 1343 1440 1390 δι
1464 1341 1558 1406 ejus
1590 1342 1731 1406 quali,
1765 1343 1894 1407 quod
1927 1358 2095 1408 nempe
2116 1343 2255 1390 turba
2279 1344 2347 1391 ibi

342 1419 549 1472 propter·
571 1405 818 1454 obscurum
847 1406 907 1453 de
940 1405 1316 1467 contingentibus
1335 1429 1351 1462 3
1386 1407 1460 1455 sed
1493 1410 1553 1456 de
1585 1411 1710 1472 quali
1731 1409 1855 1456 illius
1890 1408 2039 1465 status,
2073 1409 2156 1457 vix
2179 1410 2347 1473 aliquis

343 1470 602 1545 fcirewid
622 1470 790 1537 potest,
825 1470 911 1519 nisi
934 1473 991 1522 fit
1009 1474 1056 1521 in
1081 1473 1255 1538 sphaera
1290 1473 1526 1539 spirituali,
1557 1475 1611 1524 &
1643 1487 1753 1524 tunc
1785 1475 1922 1523 fimul
1946 1477 1992 1523 in
2017 1475 2350 1524 attentione-ad

347 1539 426 1588 illa
446 1537 573 1604 quae*
587 1538 707 1586 intus
738 1550 1023 1602 peraguntur
1041 1561 1057 1595 ;
1089 1539 1296 1605 alioquin
1315 1556 1372 1589 ne
1393 1541 1589 1607 quidem
1612 1541 1668 1591 sci
1699 1543 1708 1550 '
1732 1540 1899 1607 potest,
1921 1541 2037 1606 quid
2062 1540 2116 1589 fit
2134 1558 2350 1590 eommu-

342 1607 465 1656 niter
481 1605 708 1663 illustrari,
741 1607 794 1654 δε
816 1605 1144 1670 particulariter
1164 1606 1391 1665 illustrari,
1424 1609 1477 1657 δε
1498 1625 1555 1656 ne
1577 1559 1711 1674 quic?

343 1688 429 1722 nus
445 1672 575 1737 quod
590 1672 637 1719 in
653 1672 894 1721 communi
919 1673 1231 1723 illustrationis
1254 1673 1380 1743 statu·
1387 1675 1618 1741 principio
1636 1676 1691 1723 fit
1708 1675 1853 1732 turba,
1889 1675 1940 1723 δε
1957 1675 2086 1741 quod
2105 1691 2197 1723 non
2219 1676 2348 1739 prius

339 1739 668 1803 tranquillum,
699 1755 841 1804 quam
865 1753 975 1788 cum
1009 1755 1118 1789 vera
1139 1756 1196 1788 ex
1219 1741 1345 1789 bono
1378 1743 1571 1806 reposita
1593 1741 1697 1790 sunt
1717 1742 1765 1789 in
1782 1743 1861 1790 luo
1883 1742 2070 1789 ordine:
2106 1741 2351 1808 quomodo

346 1808 448 1856 haec
471 1805 515 1853 se
539 1805 725 1862 habent,
759 1805 876 1853 clare
913 1806 1167 1872 percipitur
1189 1808 1247 1855 ab
1268 1809 1461 1869 angeliS,
1497 1809 1638 1857 etiam
1660 1825 1686 1872 a
1711 1807 1939 1875 spiritibus
1974 1808 2124 1865 bonis,
2160 1810 2271 1873 quia
2297 1809 2347 1856 hi

347 1874 395 1923 in
413 1873 587 1937 sphaera
605 1872 825 1936 spirituali
843 1873 945 1920 sunt
964 1895 980 1928 ·,
1017 1874 1121 1921 talia
1144 1873 1296 1938 sapere
1320 1875 1370 1923 &
1393 1877 1608 1939 cogitare,
1644 1875 1731 1924 illis
1753 1873 1925 1922 delitiae
1949 1871 2064 1931 sunt,
2099 1887 2145 1923 at
2168 1875 2349 1922 homini

347 1940 433 2006 qui
457 1939 504 1987 in
528 1939 703 2003 sphaera
725 1939 917 1988 naturali
935 1939 1016 1998 est,
1052 1941 1104 1988 ὅτ,
1128 1941 1277 2005 magis
1308 1941 1392 2005 qui
1427 1943 1472 1990 in
1507 1941 1680 2007 sphaera
1713 1941 1918 1998 sensuali,
1952 1942 2005 1988 δε
2027 1941 2176 1989 adhuc
2200 1943 2350 2003 magis

349 2005 434 2074 qui
452 2005 497 2053 in
515 2005 648 2055 craffe
670 2005 850 2054 sensuali
874 2022 932 2054 ex
953 2009 1156 2072 corporis
1180 2008 1231 2056 δι
1250 2008 1549 2066 terrestribus,
1587 2008 1688 2057 talia
1715 2008 1862 2057 'taedia
1896 2007 2012 2058 fiant.

418 2087 564 2136 5222.
602 2073 821 2135 Agitatus
844 2072 1025 2138 spiritus
1049 2073 1185 2132 illius,
1220 2075 1349 2139 quod
1373 2074 1599 2140 significet
1615 2070 1816 2133 turbam,
1850 2074 2023 2122 constat
2044 2089 2101 2122 ex
2125 2074 2349 2138 fignifica-

346 2140 474 2190 tione
495 2136 656 2203 agitari
679 2139 857 2203 spiritu,
892 2140 1019 2203 quod
1042 2141 1099 2190 fit
1119 2141 1312 2189 turbari:
1349 2157 1430 2204 per
1460 2142 1668 2206 spiritum
1704 2142 1795 2199 hic,
1830 2154 1882 2189 ut
1905 2156 2090 2207 quoque
2108 2139 2352 2204 aliquoties

347 2206 458 2256 alibi
476 2205 523 2253 in
546 2205 721 2263 Verbo,
757 2206 1032 2271 intelligitur
1049 2207 1235 2256 interior
1250 2206 1434 2257 affeetio
1453 2209 1502 2257 ὅτ
1518 2208 1758 2271 cogitatio,
1792 2224 1900 2273 quae
1918 2223 2106 2272 quoque
2131 2207 2232 2255 sunt
2255 2207 2348 2275 spi-

346 2274 460 2323 ritus
477 2272 712 2328 homini23
747 2273 923 2338 antiqui
945 2286 1166 2323 vocarunt
1183 2274 1260 2323 illa
1282 2273 1512 2338 spiritum,
1549 2275 1623 2323 sed
1647 2274 1957 2340 perspiritum
1974 2276 2021 2322 in
2042 2275 2186 2339 specie
2210 2274 2345 2322 intel-

317 2372 322 2374 *
348 2341 557 2389 lexerunt
587 2340 852 2388 interiorem
874 2340 1133 2397 hominem,
1164 2341 1249 2405 qui
1284 2341 1486 2390 victurus
1511 2342 1612 2406 post
1635 2353 1835 2390 mortem
1870 2341 2106 2406 corporis3
2141 2353 2185 2387 at
2209 2341 2348 2388 hodie

352 2423 434 2472 per
455 2406 683 2470 spiritum,
718 2406 796 2455 ubi
822 2408 870 2454 in
892 2406 974 2455 tali
996 2406 1124 2455 sensu
1147 2407 1330 2472 legitur,
1366 2407 1516 2457 solum
1541 2408 1811 2470 intelligitur
1830 2406 2155 2472 cogitativum,
2190 2409 2240 2454 δε
2260 2407 2350 2454 hoc

351 2471 632 2538 absque-alio
652 2471 855 2536 subjecto
872 2489 1012 2538 quam
1034 2489 1226 2538 corpore
1250 2475 1296 2521 in
1320 2490 1419 2539 quo
1435 2476 1507 2532 fit,
1539 2490 1599 2522 ex
1616 2475 1763 2532 causa,
1796 2474 1904 2540 quia
1926 2489 2020 2522 non
2036 2474 2233 2538 amplius
2254 2489 2349 2521 cre-

343 2539 493 2597 ditur,
519 2540 655 2604 quod
679 2538 869 2588 interior
884 2542 1035 2589 homo
1051 2540 1106 2590 fit
1123 2540 1217 2604 ipse
1241 2541 1401 2599 homo,
1437 2541 1511 2591 sed
1535 2541 1666 2606 quod
1690 2540 2057 2597 interioritatum
2092 2541 2174 2605 qui
2197 2539 2347 2603 vulgo

350 2605 504 2655 anima
518 2609 594 2655 aut'
607 2605 785 2671 spiritus
801 2619 1006 2664 vocatur,
1036 2607 1093 2654 'fit
1111 2606 1251 2655 modo
1271 2607 1491 2670 cogitatio
1508 2609 1674 2672 absque
1691 2606 1910 2670 subjec'tQ
1945 2608 2223 2671 adaequato,¹
2238 2622 2350 2654 con-

341 2673 588 2738 sequenter
623 2672 969 2736 quiacogitatio
991 2672 1157 2737 absque
1182 2672 1383 2737 subjecto
1406 2674 1452 2722 in
1477 2690 1589 2739 quo,
1622 2672 1750 2740 quod
1775 2672 1878 2739 post
1896 2686 2094 2721 mortem
2127 2673 2347 2736 corporis,

356 2739 470 2788 ficut
491 2737 745 2787 aethereum
777 2752 857 2788 aut
885 2740 1156 2789 flammeum
1173 2741 1307 2804 quid,
1342 2739 1630 2806 dissipabitur
1650 2762 1664 2795 ;
1700 2739 1783 2788 tale
1807 2738 2078 2803 intelligitur
2100 2738 2240 2787 hodie
2262 2754 2348 2803 per

352 2805 582 2870 spiritum,
617 2815 670 2852 ut
687 2820 792 2853 cum
810 2805 974 2855 dicitur
987 2806 1149 2870 agitari
1172 2806 1351 2870 spiritu,
1384 2806 1631 2856 contristari
1651 2806 1992 2870 spiritu,‘1aetari
2013 2805 2186 2871 spiritu,
2208 2820 2347 2852 ovare

353 2871 527 2937 spiritu,
563 2887 672 2919 cum
696 2882 851 2920 tamen
873 2871 939 2920 est
962 2872 1057 2937 ipse
1077 2872 1266 2921 interior
1289 2874 1452 2931 homo,
1485 2874 1569 2939 qui
1593 2872 1773 2937 spiritus
1797 2885 1998 2927 vocatur,
2032 2872 2111 2936 qui
2136 2871 2347 2935 agitatur,

353 2937 653 2994 contristatur,
688 2937 884 2995 laetatur,
917 2953 1042 2996 ovat,
1076 2939 1158 3003 qui
1199 2939 1264 2987 est
1295 2939 1440 2988 homo
1464 2941 1511 2988 in
1534 2939 1683 2988 forma
1711 2938 1887 3005 prorsus
1926 2937 2145 2997 humana,
2180 2936 2257 2986 scd
2282 2939 2354 3001 in·-

350 3005 520 3054 vifibili
541 3003 684 3053 oculis
705 3005 926 3068 corporis,
961 3003 1086 3070 apud
1109 3017 1253 3069 quem
1276 3006 1511 3069 cogitatio.
1538 3008 1539 3011 ’
1617 3031 1623 3035 ·

426 3087 518 3133 522
527 3087 572 3132 3.
614 3070 680 3118 Et
702 3071 827 3119 misit
849 3072 899 3120 ὅτ
923 3070 1105 3120 vocavit
1127 3087 1288 3120 omnes
1310 3087 1471 3137 magos
1492 3072 1688 3138 AEgypti
1721 3073 1773 3121 &
1795 3070 2008 3137 sapientes
2046 3069 2182 3128 iuius,
2216 3071 2350 3136 quod

355 3136 582 3199 fignificet
603 3137 652 3184 in
675 3134 974 3187 consultando
997 3137 1235 3187 scientifica
1259 3139 1488 3196 interiora,
1520 3154 1626 3189 tum
1663 3140 1908 3196 eXteriora,
1937 3137 2112 3187 constat
2134 3154 2193 3185 ex
2217 3138 2353 3200 signi-

350 3203 568 3255 ‚ficatione
590 3217 857 3268 magorum,
892 3204 1022 3271 quod
1045 3204 1091 3254 in
1116 3204 1241 3256 bono
1265 3205 1394 3322 senl‘cu3
1413 3207 1500 3258 sint
1538 3205 1780 3257 scientifica
1819 3205 2047 3264 interiora,
2081 3204 2139 3253 de
2176 3220 2266 3278 qua
2289 3203 2354 3250 se-

1430 3288 1457 3323 2
2164 3283 2319 3335 quxtur
2336 3289 2353 3326 3

1694 1625 1771 1656 em
1794 1607 1908 1673 quid
1927 1609 1983 1656 fit
2000 1608 2220 1665 illustrari,
2258 1609 2349 1656 mi-
