2606 3646
302 228 611 302 CAPUT
653 225 1506 318 QUADRAGESIMUM
1556 229 2052 316 QUINTUM.
2105 247 2237 314 271

247 357 296 408 in
319 371 545 415 montem,
579 357 756 404 obtexit
784 357 932 406 Nubes
955 371 1185 415 montem,
1221 361 1271 408 &
1298 359 1522 407 habitavit
1546 359 1699 406 Gloria
1721 359 1905 421 Jehovoe
1924 359 2051 422 luper
2075 373 2238 406 monte

245 428 374 478 Sinai
398 425 473 474 sex
495 393 641 474 dies’'
678 423 844 471 Exod:
868 440 1020 472 xxiv:
1053 443 1124 488 ¹5·
1157 427 1249 481 163
1300 427 1402 474 haec
1436 442 1622 491 quoque
1646 428 2090 489 repraesentat-,antur
2127 426 2236 488 quia

248 494 370 549 Lex,
406 506 515 556 quae
537 483 602 538 est
625 491 858 539 Divinum
886 489 1083 549 Verum,
1119 508 1144 549 e
1169 507 1329 541 monte
1356 492 1435 540 illo
1468 492 1880 556 promulgabatur,
1917 494 2044 567 quod
2073 492 2235 538 Nubes

249 560 340 608 visa
362 560 412 607 &
435 557 594 605 Gloria
617 557 831 617 Jehovae,
866 574 976 606 cum
1003 559 1156 606 Moses
1175 559 1410 607 ascendit
1400 576 1443 605 in
1474 561 1711 615 Montem,
1749 573 1840 606 erat
1865 561 1973 623 quia.
2000 559 2042 605 in
2065 558 2143 605 illo
2169 575 2236 604 re·-

242 624 544 691 praesentabat
586 624 787 687 Legem,
825 624 914 675 hoc
938 623 1019 682 est,
1055 626 1263 673 Verbum
1304 625 1611 682 Historicum,
1652 626 1756 672 inde
1790 626 2029 689 aliquoties
2065 625 2108 669 (l.
2102 626 2236 672 citur

242 691 402 741 Moses
426 695 475 739 ὅτ
502 691 768 755 Prophetae,
803 705 882 739 aut
905 691 1006 739 Lex
1030 691 1081 739 δε
1102 692 1366 756 Prophetae,
1403 707 1577 756 perque
1604 693 1783 754 Legem
1803 692 2124 754 intelliguntur
2142 689 2235 754 ejus

243 758 374 807 Libri
400 774 505 805 cum
528 757 771 804 Historicis
789 758 864 805 reli
856 757 986 819 quis,
1025 774 1117 805 non
1135 774 1291 806 autem
1311 759 1571 821 Prophetae,
1606 760 1712 822 quia
1731 759 1816 805 hoc
1833 759 2044 806 Verbum
2071 774 2237 820 repra-.-

244 827 339 874 sen
326 828 496 873 abatur
526 840 605 888 per
629 824 780 872 Eliam
804 826 854 872 &
879 824 1138 879 Elisaet1m3
1174 825 1239 872 est
1263 825 1388 872 enim
1415 825 1620 872 Verbum
1644 824 1930 872 Historicum
1955 826 2006 871 δε
2031 825 2238 888 Prophe-

241 895 410 949 ticum,
453 904 503 940 ut
527 902 693 939 notum
717 890 815 944 est,
866 899 1166 956 quapropter
1174 907 1280 940 cum
1305 892 1517 939 Verbum
1542 906 1734 938 vocatur
1756 891 1827 938 Le
1832 907 1863 937 x
1886 893 1936 938 ὅτ
1966 891 2234 953 Prophetae,

244 976 328 1023 per
356 961 532 1020 Legem
559 957 827 1033 intelligitur
849 956 1055 1005 Verbum
1083 957 1392 1015 Historicum,
1436 959 1486 1006 δε
1510 973 1590 1022 per
1612 957 1862 1020 Prophetas
1886 957 2234 1019 Propheticum.

245 1027 480 1076 Divinum
503 1024 680 1070 Verum
720 1025 856 1072 etiam
893 1026 1296 1087 repraesentabatur
1320 1042 1401 1088 per
1424 1024 1711 1088 splendorem
1739 1025 1872 1070 instar
1894 1024 2052 1070 iridis
2043 1041 2088 1070 in
2116 1027 2237 1070 nube

244 1095 417 1141 circum
456 1091 553 1137 Che
558 1090 712 1146 rubos,
760 1091 810 1138 &
847 1090 975 1153 supra
1000 1092 1117 1147 illos,
1164 1093 1283 1155 apud
1306 1092 1619 1147 Ezechielem,
1664 1090 1743 1138 ubi
1760 1091 1824 1138 de
1847 1090 1931 1137 illis
1967 1092 2027 1137 ita
2063 1091 2237 1137 “Vidi

248 1159 479 1223 aspectum
517 1158 652 1220 igniS,
704 1158 820 1204 sicut
858 1157 1067 1221 splendor
1101 1161 1407 1215 circumcirca,
1444 1159 1558 1206 ficut
1587 1157 1793 1220 aspedius
1824 1157 1948 1205 iridis
1979 1172 2085 1220 quae
2107 1156 2170 1203 est
2195 1159 2240 1203 in

249 1228 360 1275 nube
383 1225 430 1272 in
453 1225 528 1271 die
552 1222 729 1286 pluviae
749 1244 762 1278 3
800 1223 874 1270 hic
891 1224 1094 1286 aspeftus
1112 1225 1421 1273 similitudinis
1442 1226 1603 1272 Gloriae
1624 1224 1848 1286 Jehovae”
1874 1240 1890 1270 1
1914 1241 1925 1270 ε
1954 1225 2032 1276 26,
2054 1239 2132 1288 27.
2157 1227 2240 1278 28,

249 1296 303 1342 &
322 1304 511 1339 vocatur
533 1305 722 1356 quoque
742 1290 888 1353 glaria
904 1291 1097 1352 Jehovoe‚
1134 1292 1346 1356 &gloria
1364 1293 1452 1341 Dei
1468 1291 1656 1356 Israelis,
1697 1291 1828 1354 Cap:
1854 1305 1987 1338 vn1.
1977 1307 1987 1319 ·
2015 1307 2060 1349 4.
2114 1292 2238 1353 Cap:
2287 1291 2292 1295 “

246 1377 310 1408 x:
344 1363 521 1422 18.19.
581 1357 712 1420 C:ap
737 1372 928 1406 x1.2·.2
957 1374 1039 1420 23,
1077 1359 1224 1421 gloria
1259 1359 1471 1419 Jehovae
1491 1371 1683 1406 vocatur
1718 1357 1878 1420 respfti
1884 1373 1940 1403 ve
1978 1357 2034 1403 ad
2065 1357 2241 1404 coelum

253 1427 494 1481 intimum,
530 1425 580 1471 δε
604 1422 751 1486 gloria
776 1424 865 1471 Dei
890 1424 1058 1472 Israelis
1074 1426 1323 1490 respective
1346 1425 1403 1472 ad
1427 1425 1619 1473 Coelum
1640 1424 1845 1472 medium
1873 1426 1947 1470 seu
1971 1423 2200 1486 spirituale
2222 1445 2238 1478 ³

246 1493 372 1556 quod
399 1491 630 1539 Divinum
655 1491 869 1538 Verum
856 1506 903 1538 1n
923 1491 1069 1540 Coelis
1086 1505 1303 1556 appareat
1321 1493 1366 1539 in
1388 1490 1553 1555 gloria,
1589 1491 1652 1539 est
1673 1493 1779 1555 quia
1804 1489 1955 1553 ipsum
1988 1490 2202 1538 Verum
2192 1506 2241 1537 m

250 1560 389 1607 Coelo
411 1555 632 1621 spirituali
655 1571 808 1604 coram
832 1557 977 1604 oculis
997 1571 1183 1622 apparet
1205 1571 1258 1606 ut
1274 1559 1466 1607 candida
1488 1558 1649 1616 nubes,
1686 1573 1825 1621 quarn
1843 1558 1982 1604 etiarn
2002 1556 2245 1621 aliquoties

251 1625 407 1674 videre
429 1623 591 1672 datum
613 1622 696 1698 est,
732 1639 788 1671 ac
810 1624 1028 1672 Bonum
1018 1640 1064 1672 1n
1088 1625 1135 1673 V
1137 1641 1215 1674 ero
1238 1625 1320 1673 illo
1341 1637 1533 1690 apparet
1555 1624 1618 1672 ibi
1644 1637 1698 1672 ut
1721 1626 1931 1687 igneum,
1969 1623 2075 1670 inde
2101 1624 2244 1671 nubes

248 1709 333 1759 per
357 1693 517 1766 ignem
541 1681 771 1764 variegata
787 1690 866 1738 dat
886 1691 1091 1755 aspec'tus
1125 1687 1375 1750 mirabiles,
1412 1692 1494 1757 qui
1514 1691 1615 1739 sunt
1631 1691 1812 1755 gloria
1802 1708 1848 1738 in
1874 1689 1999 1738 sensu
2023 1702 2244 1744 extern03

248 1774 298 1808 at
320 1758 500 1821 gloria
491 1774 537 1804 tn
555 1757 680 1805 sensu
703 1756 880 1805 interno
903 1758 967 1805 est
990 1758 1294 1821 intelligentia
1317 1761 1368 1807 δι
1392 1759 1644 1823 sapientia,
1679 1758 1756 1806 hae
1777 1773 1963 1835 quoque
1987 1757 2104 1814 sunt,
2137 1772 2247 1822 quae

249 1825 630 1890 repraesentantur
653 1838 734 1889 per
756 1823 845 1872 illa.
917 1825 1062 1899 Qud
1101 1826 1337 1874 Divinum
1361 1825 1560 1882 Verum,
1580 1841 1640 1872 ex
1662 1840 1757 1889 quo
1780 1827 1931 1872 omnis
1955 1823 2168 1887 sapientia
2191 1825 2245 1872 δε

251 1891 574 1955 intelligentia,
609 1905 711 1941 tum
735 1891 1000 1955 apparentia
1023 1892 1269 1953 variegatae
1291 1891 1424 1940 nubis
1446 1908 1600 1939 coram
1623 1891 1726 1939 visu
1743 1904 1951 1949 extern0,
1988 1891 2044 1939 fit
2066 1891 2244 1948 Gloria,

251 1962 392 2007 etiarn
430 1957 603 2005 constat
626 1957 685 2005 ab
707 1958 776 2004 his
799 1958 942 2013 locis;
997 1958 1121 2024 apud
1147 1958 1363 2007 Mosen‘
1369 1959 1546 2007 ‘Dixit
1583 1958 1812 2020 Jehovah,
1858 1958 1994 2006 vivus
2029 1957 2156 2022 Eg0,
2192 1959 2247 2006 ὅτ

255 2025 523 2089 implebitur
547 2023 695 2089 gloria
725 2023 910 2085 Jehovae
937 2025 1147 2074 universa
1182 2028 1331 2075 terra’
1334 2025 1550 2074 ’tNurn
1590 2042 1714 2073 xiv:
1741 2042 1822 2083 21,
1871 2025 1960 2074 hoc
1985 2041 2009 2072 a
2033 2025 2248 2086 Jehovah

255 2093 433 2140 dictum
457 2091 538 2147 est,
573 2107 681 2138 cum
704 2092 1029 2169 repudiabatur
1057 2093 1259 2156 populus
1296 2093 1580 2150 Israeliticus,
1618 2094 1669 2141 &
1691 2092 1871 2140 dic‘tum
1894 2092 2021 2157 quod
2049 2091 2246 2140 infantes

257 2169 422 2209 eorum
446 2158 589 2206 modo
607 2157 816 2206 venirent
837 2161 884 2206 in
910 2172 1075 2208 terram
1094 2161 1373 2218 Canaanem,
1408 2173 1518 2208 tunc
1539 2175 1622 2224 per
1644 2160 1772 2224 quod
1793 2159 2000 2207 universa
2023 2172 2137 2208 terra
2162 2159 2250 2207 im·

256 2227 457 2292 pleretur
473 2225 616 2288 gloria
633 2224 845 2288 Jehovae‚
881 2227 1237 2290 significabatur,
1262 2228 1390 2292 quod
1414 2226 1460 2275 in
1486 2226 1866 2291 repraesentativis
1887 2226 2103 2276 Ecclefiae
2120 2225 2248 2289 apud

254 2294 376 2350 illos,
412 2294 462 2340 &
485 2294 531 2339 in
556 2292 710 2340 Verbo
733 2292 859 2356 quod
877 2295 1031 2356 quoad
1050 2294 1295 2358 plurimam
1314 2306 1492 2358 partem
1511 2293 1569 2342 de
1588 2294 1693 2351 illis,
1727 2294 1833 2342 effet
1857 2292 2004 2355 gloria
2027 2292 2245 2353 jehovae,

258 2377 354 2425 qua
371 2358 637 2423 impleretur
654 2372 806 2406 totum
829 2360 1023 2418 coelum,
1058 2361 1110 2408 ὅτ
1128 2361 1234 2408 inde
1254 2361 1471 2409 Ecclefiae
1489 2360 1650 2408 sanfta.
1721 2361 1868 2423 Apud
1895 2359 2076 2407 Esaiam
2115 2368 2148 2388 “
2171 2360 2250 2407 Se-

259 2427 444 2490 raphim
483 2426 750 2482 clamabant,
782 2426 991 2483 Sanetus,
1027 2428 1234 2485 Sanam,
1272 2427 1483 2485 Sanam,
1521 2426 1734 2491 Jehovah
1772 2427 1998 2482 Zebaoth,
2030 2426 2251 2487 plenitudo

257 2497 394 2541 omnis
415 2503 556 2540 ‘terroe
598 2491 754 2539 Gloria
793 2492 928 2555 Ipsius
946 2493 979 2512 '’
1013 2510 1065 2541 vr
1089 2511 1099 2540 :
1125 2512 1172 2557 3.
1243 2495 1390 2558 Apud
1431 2494 1649 2542 Eundem
1687 2501 1723 2523 ‘⁶
1751 2494 2051 2541 Revelabitur
2092 2493 2246 2539 Gloria

261 2560 462 2624 Jehovae,
499 2561 549 2606 δε
573 2559 794 2606 videbunt
814 2561 966 2607 omnis
987 2560 1106 2608 Caro
1149 2561 1283 2610 simul
1304 2560 1337 2579 ''
1373 2577 1465 2608 xi..
1457 2578 1466 2589 ·
1493 2577 1538 2622 5.
1608 2559 1756 2634 Apud
1780 2559 1998 2608 Eundem
2037 2567 2070 2588 “
2095 2559 2246 2621 Prop-

205 2639 217 2647 “
259 2640 383 2677 terea
418 2627 462 2673 in
488 2624 631 2672 Urim
659 2626 854 2674 Gloriam
878 2626 978 2675 date
1000 2627 1199 2690 Jehovoe,
1251 2629 1298 2675 in
1333 2627 1502 2675 insulis
1521 2627 1660 2674 maris
1682 2625 1880 2673 Nomini
1916 2626 2117 2689 Jehovae
2153 2626 2241 2674 Dc'
2230 2641 2246 2672 ι

262 2693 436 2752 Israelis
460 2691 492 2711 '’
528 2706 681 2739 xx1v:
710 2707 804 2754 15,
838 2694 980 2741 Urim
1005 2709 1090 2757 pro
1113 2694 1228 2751 luce,
1265 2709 1373 2758 quae
1396 2693 1460 2741 est
1483 2709 1541 2741 ex
1567 2693 1752 2741 Divino
1775 2695 1901 2740 Vero
1925 2692 2195 2756 procedente
2220 2708 2247 2738 a.

261 2762 474 2810 Domino
492 2758 648 2805 insulae
665 2759 817 2814 mariS,
839 2774 923 2821 pro
941 2758 1026 2807 illis
1044 2760 1121 2824 qui
1140 2761 1406 2809 remotiores
1419 2777 1444 2807 a
1460 2761 1584 2808 Vero
1601 2759 1721 2815 sunt,
1742 2776 1804 2805 n:
1830 2778 1847 2808 1
1864 2778 1880 2808 ι
1893 2763 1968 2821 58
2007 2759 2153 2821 Apud
2176 2757 2245 2805 E-

264 2828 479 2876 undem‘
484 2825 669 2872 ‘Gloria
687 2824 847 2872 Libani
865 2825 967 2872 data
984 2826 1048 2873 est
1070 2827 1157 2884 illi,
1179 2828 1310 2875 honor
1324 2827 1524 2875 Carmeli
1549 2828 1599 2874 ὅτ
1623 2826 1891 2880 Scharonis,
1930 2826 1994 2871 illi
2019 2825 2247 2872 videbunt

269 2895 466 2943 Gloriam
484 2893 683 2954 Jehovae,
719 2892 912 2943 honorem
931 2893 1022 2940 Dei
1047 2892 1237 2941 nostri'’
1271 2909 1435 2942 xxxv.
1461 2910 1526 2947 2·,
1563 2893 1768 2940 Libanus
1791 2909 1877 2956 pro
1896 2891 2097 2939 Ecclesia
2123 2892 2249 2956 spiri

265 2961 395 3018 mali,
430 2957 667 3008 Carmelus
698 2958 748 3005 ὅτ
782 2957 980 3007 Scharon
1011 2975 1096 3024 pro
1121 2959 1321 3007 Ecclesia
1352 2929 1560 3016 Coeles‘ii,
1595 2959 1652 3006 de
1684 2960 1766 3006 hac
1796 2959 2064 3022 praedicatur
2089 2959 2249 3005 Gloria

269 3028 464 3090 jehovae
479 3040 589 3073 cum
614 3023 889 3087 intelligitur
907 3025 1102 3074 Coeleste
1126 3041 1287 3073 verum
1311 3026 1440 3090 quod
1457 3026 1522 3073 cst
1541 3025 1766 3082 Charitas,
1792 3027 1849 3072 de
1884 3024 1957 3072 illa
1978 3027 2251 3088 praedicatur

269 3093 414 3141 honor
430 3092 521 3146 Dei
539 3087 710 3141 Israelis
729 3107 840 3139 cum
864 3087 1139 3156 intelligitur
1159 3092 1390 3156 spirituale
1416 3093 1617 3149 Bonum,
1652 3092 1781 3156 quod
1805 3092 1944 3139 etiam
1964 3091 2028 3138 est
2044 3093 2248 3139 charitas.

272 3157 418 3220 Apud
442 3158 659 3213 Eundem
709 3158 934 3224 “‚Surge
989 3161 1259 3218 illuminare,
1295 3160 1406 3224 quia
1426 3159 1555 3209 venit
1577 3160 1653 3208 lux
1676 3169 1773 3217 tua,
1820 3159 1870 3205 &
1896 3158 2049 3206 Gloria
2073 3159 2254 3220 Jehozae

271 3223 401 3286 super
421 3223 496 3271 Te
516 3237 670 3274 exorta
692 3226 774 3283 est,
811 3243 916 3275 nam
940 3242 1043 3275 ecce
1070 3227 1269 3276 tenebrae
1292 3227 1521 3289 obtegunt
1544 3239 1726 3281 terram,
1777 3227 1827 3273 ὅτ
1850 3226 2001 3287 caligo
2020 3226 2256 3290 populos;

273 3290 348 3340 sed
367 3289 498 3356 super
520 3290 595 3360 Te
618 3293 846 3363 exorietur
871 3293 1106 3368 Jehovah
1147 3294 1198 3344 ὅτ
1222 3293 1378 3345 Gloria
1405 3294 1542 3359 Ipsus
1565 3294 1700 3360 super
1723 3292 1798 3344 Te
1822 3291 2110 3344 videbitur”
2164 3307 2258 3339 tx:

2109 3374 2153 3409 1.
2197 3373 2257 3408 2·
2247 3393 2263 3416 ,
