2566 3640
280 165 410 247 518
610 168 1728 253 ‚GENESJ
1855 172 1960 275 S

287 297 383 340 vita
410 293 493 341 illis
516 294 594 360 qui
621 295 665 342 in
692 299 804 344 veris
829 296 959 351 boni,
1010 298 1181 346 constat
1203 313 1259 344 ex
1284 296 1611 361 significatione
1636 297 1887 353 vivificare,
1941 295 2068 361 quod
2093 295 2146 344 fit
2170 295 2270 345 vita

288 360 546 425 spiritualis,
583 362 640 408 de
660 379 747 425 qua
771 380 798 411 n
820 381 830 410 :
858 366 1000 423 5890.
1024 363 1150 425 6032
1175 384 1189 418 3
1224 379 1280 409 ex
1300 362 1622 426 significatione
1640 364 1817 426 populi,
1852 364 1980 427 quod
2007 362 2059 410 fit
2078 378 2260 419 verum,

288 427 344 474 de
379 443 467 491 qua
505 445 561 475 n:
596 443 733 491 ¹259·
772 430 909 477 1260.
940 444 1086 490 3295.
1116 431 1206 490 358
1224 447 1260 477 t.
1285 436 1433 491 4019.
1470 427 1544 475 hic
1583 445 1746 477 verum
1770 430 1916 486 boni,
1952 424 2059 492 'quia
2096 429 2265 476 dicitur

291 494 489 555 populus
516 508 723 553 magnus,
759 509 919 539 verum
946 494 1064 541 enim
1090 494 1215 557 quod
1232 510 1287 541 ex
1313 495 1434 540 bono
1460 508 1680 555 magnum
1722 494 1786 551 est
1826 510 1921 557 prae
1945 511 2054 542 vero
2090 511 2146 541 ex
2170 509 2266 558 quo
2315 510 2322 522 ¹·

291 562 483 615 bonum,
521 576 626 606 nam
647 559 754 606 illud
779 574 960 615 verum,
998 575 1165 622 nempe
1189 563 1391 624 quodtx
1415 561 1555 615 bono,
1592 559 1661 619 est„
1678 560 1725 606 in
1749 559 1795 606 se
1816 561 2006 617 bonum,
2042 562 2148 624 quia
2173 560 2264 607 for·

292 640 472 675 matum
490 642 514 671 a
535 628 673 680 bono,
700 625 759 671 ita
777 626 951 671 bonum
976 626 1021 672 in
1043 627 1114 671 sua
1133 626 1292 672 forma.
1353 627 1524 682 Verba,
1548 642 1657 689 quae
1676 625 1903 687 Josephus
1920 626 1975 671 ad
1996 626 2146 674 fratres
2165 626 2265 674 suos

292 707 409 740 nunc
436 693 646 754 loquutus
670 691 748 746 est,
786 706 950 752 nempe
1006 698 1039 720 “
1067 695 1143 738 Vos
1166 691 1374 755 cogitastis
1398 693 1519 754 sitper
1543 707 1605 738 me
1626 692 1802 746 malum,
1839 692 1963 739 Deus
1986 693 2197 754 cogitavit
2220 692 2270 747 id·

291 763 337 805 in
356 760 519 812 bonum,
537 766 712 818 propter
720 757 870 820 facere
875 757 1103 820 secundum
1121 757 1227 805 diem
1243 758 1370 814 hunc,
1390 757 1449 809 ad
1464 756 1771 815 vivificandum
1777 758 1981 819 populum
1999 759 2262 818 magnum—ff

290 826 391 872 sunt
406 824 558 877 verba,
593 838 699 885 quae
722 838 935 869 arcanum
959 825 1065 870 coeli
1090 826 1134 870 in
1162 823 1202 870 se
1225 823 1493 876 continent'3
1528 838 1736 870 arcanum
1761 823 1890 886 quod
1913 823 2164 878 continent,
2198 821 2264 870 est

290 892 407 944 hoc,
446 888 676 937 Dominus
696 889 922 950 permittit
940 888 1292 947 infernalibusin
1310 889 1443 938 altera
1461 890 1571 945 vita,
1616 902 1668 936 ut
1693 889 1907 936 inducant
1930 888 2074 936 bonos
2099 887 2142 934 in
2167 887 2281 934 ten-'
2350 927 2364 941 ,

289 958 526 1010 tationem,
562 953 883 1019 consequenter
902 966 954 1000 ut
978 955 1219 1003 infundant
1242 954 1344 1002 falsa
1365 956 1414 1003 δε
1440 955 1589 1008 mala3
1624 955 1751 1018 quod
1776 955 1912 1001 etiam
1935 954 2110 1001 faciunt
2132 954 2264 1001 omni

291 1035 475 1076 conatu,
513 1036 619 1067 nam
636 1035 742 1066 cum
764 1020 807 1066 id
833 1020 1018 1078 faciunt,
1055 1022 1098 1068 in
1119 1021 1192 1068 sua
1216 1022 1309 1068 vita
1333 1023 1382 1069 ὅτ
1404 1023 1511 1069 vitae
1531 1020 1735 1082 jucundo
1761 1019 1861 1067 sunt
1883 1040 1897 1074 3
1937 1019 2008 1066 sed
2035 1033 2142 1067 tunc
2166 1021 2263 1067 Do·
2340 1039 2344 1046 ¹

291 1090 442 1149 minus
463 1086 560 1150 Ipse
577 1085 840 1140 immediate
865 1087 914 1133 &
938 1103 1017 1149 per
1033 1088 1219 1150 angelos
1239 1087 1434 1134 mediate
1457 1087 1576 1149 apud
1598 1087 1695 1133 illos
1718 1087 1797 1150 qui
1814 1087 1856 1132 in
1878 1086 2124 1133 tentatione
2146 1086 2264 1144 sunt,

291 1155 428 1210 adest,
465 1169 514 1199 ac
539 1150 712 1207 resistit,
758 1150 864 1198 falsa
889 1152 1128 1214 spirituum
1161 1152 1442 1200 infernalium
1477 1151 1740 1208 refellendo,
1788 1153 1838 1199 &
1874 1152 2046 1199 malum
2081 1152 2263 1200 illorum

290 1219 563 1282 dissipando,
601 1217 705 1264 inde
723 1218 953 1273 recreatio,
991 1218 1103 1281 speS‚
1151 1220 1200 1266 δε
1223 1220 1440 1274 νίέὶοτὶεη
1477 1218 1538 1266 fic'
1554 1218 1658 1265 ve'ra
1676 1218 1781 1266 fidei
1802 1219 1850 1265 &
1869 1218 1988 1264 bona
2005 1217 2228 1281 charitatis
2247 1239 2262 1272 3

289 1286 414 1353 apud
434 1286 533 1332 illos
555 1283 632 1345 qui
655 1283 698 1329 in
723 1285 839 1330 veris
863 1285 970 1331 boni
996 1286 1112 1341 funt,
1148 1287 1335 1332 interius
1359 1286 1697 1348 implantantur‚
1732 1285 1782 1331 ὅτ
1807 1283 1968 1332 fortius
1989 1284 2262 1335 confirman-

289 1367 391 1407 tur3
446 1351 533 1398 hoc
557 1349 760 1395 medium
785 1348 848 1396 est
873 1365 949 1412 per
973 1351 1097 1412 quod
1123 1351 1215 1399 vita
1240 1350 1477 1414 spiritualis
1497 1352 1724 1399 donatur:
1776 1365 1834 1397 ex
1859 1349 1926 1397 his
1950 1349 2152 1398 constare
2177 1366 2263 1414 po-

288 1420 387 1476 test,
424 1416 537 1482 quid
563 1418 607 1461 in
628 1414 752 1461 sensu
778 1414 956 1463 interno
980 1418 1253 1479 significatur
1277 1433 1357 1480 per
1379 1418 1513 1465 verba
1536 1418 1582 1464 in
1607 1417 1693 1464 hoc
1715 1416 1879 1472 Versu,
1920 1416 2045 1478 quod
2072 1432 2260 1481 nempe,

285 1486 363 1550 qui
388 1481 622 1531 abalienati
649 1482 749 1528 sunt
771 1497 796 1527 a
813 1497 922 1528 vero
941 1484 990 1531 &
1015 1485 1155 1540 bono,
1214 1495 1263 1529 ut
1288 1483 1385 1530 sunt
1412 1483 1590 1547 spiritus
1615 1483 1696 1554 qui
1726 1481 1947 1530 inducunt
1968 1481 2254 1540 tentationes,

288 1548 500 1601 nihilnifi
521 1548 692 1595 malum
711 1548 963 1604 intendant,
1019 1548 1087 1597 sed
1113 1549 1241 1612 quod
1265 1549 1495 1596 Divinum·
1516 1562 1660 1600 vertat
1692 1547 1737 1594 id
1773 1548 1818 1595 in
1854 1549 2048 1603 bonum,
2097 1548 2148 1610 ὅτ
2172 1548 2261 1597 hoc

285 1617 535 1666 secundum
552 1613 841 1660 ordinemab
864 1626 1052 1672 aeterno,
1086 1615 1207 1661 unde
1231 1615 1325 1662 vita
1349 1614 1434 1661 illis
1457 1614 1536 1677 qui
1562 1615 1606 1661 in
1632 1613 1748 1660 veris
1773 1614 1906 1660 boni:
1959 1613 2191 1661 sciendum
2215 1630 2266 1675 ef

285 1685 403 1739 nim,
437 1680 561 1744 quod
583 1676 813 1726 infernales
831 1678 1021 1742 spirituS,
1056 1679 1223 1744 quibus
1243 1677 1520 1743 permittitur
1536 1681 1679 1727 bonos
1698 1680 1758 1725 ita
1777 1679 1999 1735 lacessere,
2022 1680 2262 1731 intendant

285 1748 496 1799 nihilnifi
515 1745 707 1799 rn‘alum,
742 1745 905 1792 volunt
923 1747 1047 1793 enim
1073 1746 1201 1793 omni
1221 1747 1266 1791 vi
1292 1745 1393 1792 illos
1415 1746 1576 1794 ecoelo
1597 1744 1846 1801 detrahere,
1882 1746 1932 1792 δε
1958 1745 2003 1791 in
2029 1744 2256 1796 infernum
2322 1774 2333 1777 ⁷-

284 1816 523 1878 conjicere,
567 1811 751 1874 perdere
786 1811 909 1858 enim
931 1811 1130 1875 aliquem
1148 1811 1300 1876 quoad
1319 1812 1539 1867 animam,
1576 1813 1636 1859 ita
1671 1811 1715 1858 in
1735 1823 1974 1866 aeternum,
2023 1809 2087 1857 est
2108 1810 2258 1873 ipsum

280 1881 536 1945 jucundum
566 1876 677 1924 vitae
709 1892 904 1931 eorum3
955 1878 1019 1925 ast
1055 1895 1109 1926 ne
1144 1878 1290 1925 hilum
1327 1877 1410 1925 illis
1445 1878 1724 1941 permittitur
1759 1894 1785 1925 a
1808 1876 2035 1932 Domino,
2085 1878 2165 1926 nifi
2197 1880 2261 1926 ob

286 1952 429 1998 finem
455 1960 502 1994 ut
527 1943 631 1991 inde
655 1944 832 1989 eveniat
857 1944 1049 1998 bonum,
1098 1960 1263 2006 nempe
1295 1956 1345 1990 ut
1377 1943 1686 1992 conformetur
1703 1944 1755 1991 δε
1786 1942 2102 1993 εοπὸὺοτεωι·
2133 1945 2261 2008 apud

285 2017 406 2071 illos,
441 2011 584 2077 quiin
611 2009 856 2057 tentatione
881 2009 999 2064 sunt,
1035 2025 1192 2057 verum
1211 2011 1260 2058 δε
1283 2010 1490 2057 bonum:
1526 2010 1571 2057 in
1595 2009 1806 2058 u‘niverso
1827 2008 2000 2057 mundo
2023 2007 2258 2072 spirituali,

287 2092 447 2144 regnat
467 2077 566 2126 finis
579 2075 657 2139 qui
679 2075 882 2138 procedit
899 2093 924 2122 a
943 2077 1170 2132 Domino,
1205 2076 1284 2139 qui
1309 2075 1389 2131 est,
1425 2088 1473 2123 ut
1497 2075 1610 2124 nihil
1635 2075 1828 2138 prorsus,
1880 2091 1935 2122 ne
1958 2074 2149 2137 quidem
2173 2076 2259 2124 mi-

287 2148 469 2195 nimum
485 2143 658 2196 existat,
706 2140 786 2188 nis]
804 2152 855 2188 ut
875 2143 1048 2190 bonum
1067 2143 1173 2190 inde
1192 2141 1401 2196 eveniat3
1452 2141 1559 2189 inde
1589 2142 1808 2205 Regnum
1848 2141 2044 2188 Domini
2069 2155 2260 2192 vocatur

287 2216 508 2274 Regnum
538 2206 700 2255 finium
721 2208 769 2254 &
794 2206 971 2255 usuum.

355 2283 380 2326 ὁ
389 2293 448 2341 57
456 2294 498 2337 5.
540 2275 603 2323 Et
628 2289 750 2320 nunc
766 2289 821 2319 ne
846 2273 1055 2331 timeatis,
1091 2275 1218 2339 quod
1244 2275 1467 2337 significet
1491 2291 1545 2322 ne
1565 2274 1739 2322 solliciti
1764 2273 1867 2331 sint,
1901 2273 2072 2322 constat
2094 2274 2261 2340 absque

284 2344 604 2408 explicatione.

356 2410 498 2470 6576.
535 2407 642 2471 Ego
665 2404 912 2453 sustentabo
936 2421 1016 2454 vos
1040 2407 1090 2454 &
1115 2406 1307 2454 infantes
1331 2407 1513 2462 vestrm,
1554 2406 1677 2470 quod
1705 2405 1927 2469 significet
1949 2406 2071 2468 quod
2096 2406 2260 2455 vieturi

287 2492 367 2541 per
390 2477 630 2524 Internum
655 2493 678 2522 a
705 2472 881 2521 Divino
906 2488 983 2535 per
1006 2488 1167 2521 verum
1203 2473 1325 2536 quod
1358 2472 1626 2529 intellec‘tu3‚
1675 2473 1723 2518 &
1751 2475 1925 2519 bonum
1949 2472 2072 2535 quod
2098 2473 2260 2519 volun-

289 2545 407 2598 tatiS,
454 2540 623 2588 constat
646 2557 701 2589 ex
723 2538 1048 2601 significatione
1085 2538 1337 2596 sustentare,
1376 2538 1506 2601 quod
1530 2539 1582 2586 fit
1605 2536 1800 2585 influxus
1834 2539 1939 2586 boni
1966 2539 2015 2585 &
2039 2540 2150 2594 veri,
2202 2539 2260 2586 de

288 2625 379 2672 qua
404 2624 459 2654 n:
488 2606 631 2659 6106,
687 2608 745 2654 ita
776 2603 869 2651 vita
894 2621 973 2668 per
997 2619 1159 2651 verum
1184 2606 1232 2653 &
1258 2605 1432 2652 bonum
1456 2625 1471 2658 3
1523 2620 1581 2651 ex
1616 2603 2009 2666 repraesentatione
2049 2603 2260 2666 josephi,

287 2674 411 2737 quod
439 2672 491 2718 fit
517 2673 773 2726 Internum,
823 2671 880 2734 de
903 2686 995 2734 qua
1020 2686 1076 2716 n:
1103 2671 1231 2734 6499
1254 2691 1268 2724 ·,
1319 2685 1365 2717 at
1388 2672 1495 2734 quia
1519 2670 1613 2716 vita
1637 2668 1873 2732 spiritualis
1898 2685 1988 2716 non
2012 2670 2076 2716 est
2100 2670 2157 2716 ab
2182 2671 2259 2730 In-

290 2753 432 2792 terno,
470 2737 541 2784 sed
568 2753 646 2800 per
670 2739 903 2785 Internum
927 2753 951 2782 a
977 2736 1201 2792 Domino,
1236 2735 1402 2783 dicitur
1423 2752 1502 2799 per
1525 2736 1759 2784 Internum
1783 2751 1809 2782 a
1831 2734 2006 2782 Divino
2025 2755 2040 2789 3
2073 2749 2151 2798 per
2175 2751 2257 2783 vos

289 2808 338 2853 &
357 2805 562 2857 infantes,
602 2804 900 2866 significantur
926 2817 1028 2848 vera
1053 2802 1295 2863 spiritualia
1313 2802 1356 2847 in
1378 2801 1582 2858 naturali,
1619 2800 1945 2849 &innocentia
1963 2815 2071 2864 quae
2089 2800 2133 2847 in
2153 2801 2256 2856 illis,

290 2886 396 2934 quae
418 2869 592 2915 vietura
618 2886 695 2932 per
723 2870 955 2915 Internum
979 2883 1004 2913 a
1026 2867 1201 2914 Divino
1234 2883 1396 2914 verum
1432 2869 1480 2915 ὅτ
1515 2868 1723 2914 bonum:
1771 2866 1894 2928 quod
1931 2866 2168 2914 sustentare
2203 2865 2257 2914 fit

289 2937 380 2984 vita
406 2950 485 2997 per
508 2950 662 2982 verum
689 2935 734 2981 &
761 2937 950 2989 bonum,
1002 2932 1063 2991 est
1086 2933 1194 2997 quia
1216 2933 1339 2981 cibus
1362 2933 1599 2995 spiritualis
1623 2932 1686 2979 est
1709 2931 1906 2988 scientia,
1957 2931 2254 2993 intelligentia

288 3003 338 3049 &
363 3000 590 3063 sapientia,
627 3001 684 3047 ita
716 3015 871 3046 verum
897 3001 945 3047 &
970 2999 1162 3054 bonum,
1211 3000 1413 3045 videatur
1436 3016 1496 3046 n:
1523 2999 1584 3058 56
1609 2998 1663 3045 ad
1691 3000 1768 3058 58.
1795 2999 1907 3053 681.
1933 3012 2076 3062 4792.
2106 3012 2255 3060 5293.

290 3082 436 3128 5340.
466 3081 607 3125 5342.
635 3067 778 3128 5576.
807 3080 948 3128 557).
1019 3065 1161 3126 de
1199 3063 1375 3112 dicatur
1408 3079 1566 3111 verum
1590 3063 1696 3128 quod
1716 3065 1960 3118 intellebius,
2011 3063 2060 3109 &
2083 3061 2256 3112 bonum

283 3132 392 3198 quod
427 3131 679 3189 voluntatis,
731 3132 794 3181 est
827 3146 937 3198 quia
965 3145 1105 3179 omne
1139 3145 1299 3178 verum
1332 3130 1526 3196 pertinet
1562 3130 1619 3178 ad
1661 3129 1958 3185 intelleftum,
2009 3128 2057 3177 &
2082 3127 2255 3245 bonung

2194 3211 2218 3243 a
