2670 3698
364 248 481 314 ,54
819 217 1087 287 GE
1221 212 1312 287 N
1443 210 1511 282 E
1644 207 2072 306 sss.

387 350 467 399 seu
491 347 642 413 quoad
668 344 959 410 conspeCium
980 360 1001 399 ;r
1031 346 1084 393 &
1106 357 1163 391 ex
1186 340 1518 406 significatione
1541 337 1654 390 solii*
1679 340 1754 389 seu
1778 341 1948 398 throni,
1987 341 2114 407 quod
2146 341 2220 394 hic
2239 346 2297 397 fit
2318 351 2399 400 na:

387 419 535 467 turale
558 437 573 471 ·,
610 415 829 462 Naturale
855 412 978 459 enirn
1004 411 1275 474 intelligitur
1302 425 1382 474 per
1406 409 1589 465 solium,
1623 409 1810 474 quando
1843 408 2025 457 coeleste
2050 410 2295 474 spiritualis
2315 429 2401 481 per

392 484 626 533 sedentem
650 481 780 545 super
804 480 901 534 illo,
938 478 1138 526 naturale
1172 477 1296 525 eni'rn
1321 475 1456 525 instar
1482 477 1577 523 solii
1617 475 1682 522 est
1705 474 1940 540 spirituali,
1972 475 2050 525 hic
2070 478 2247 529 coelesti
2271 483 2400 547 spiri-

392 551 555 604 tualis·,
590 552 636 597 in
668 562 836 612 genere
869 547 918 593 id
948 545 1082 610 quod
1108 545 1290 593 inferius
1311 542 1374 592 est
1399 542 1534 604 instar
1559 542 1658 590 solii
1682 541 1914 606 superiori,
1952 542 2153 608 superius
2183 549 2308 598 enim
2332 543 2409 600 ἔτι-’-

387 619 456 666 ibi
480 616 542 664 est
566 618 615 664 δε
639 616 750 677 agit,
787 614 836 660 &
860 612 1051 676 quidem
1075 626 1158 676 per
1186 609 1384 667 inferius,
1419 611 1471 658 &
1493 609 1617 675 quod
1643 609 1795 671 agitur
1818 622 2006 673 apparet
2027 610 2142 661 ficut
2163 607 2399 667 alb-inferi·-

291 730 301 737 ,
386 686 483 743 ori,
519 683 647 747 quia,
688 695 738 728 ut
759 680 952 733 dieium,
989 694 1070 742 per
1105 678 1186 733 id;
1224 678 1309 725 hoc
1333 676 1600 742 intelligitur
1633 692 1714 740 per
1744 675 2070 741 quodPharao
2092 679 2211 729 dixit
2231 683 2287 731 ad
2312 685 2401 748 Ju-

396 753 607 816 sephum,
645 756 677 777 ‘⁶
704 759 880 794 tantun]
906 744 1019 793 solio
1057 759 1250 807 magnus
1278 760 1356 792 ero
1386 759 1481 808 prae
1505 742 1600 792 te.”
1669 742 1723 791 In
1759 743 1916 791 Verbo
1939 744 2107 808 pluries
2131 748 2397 801 nominatur

394 818 583 872 solium,
619 813 699 862 ubi
726 812 875 877 agitur
899 812 956 859 de
981 809 1157 859 Divino
1181 811 1305 858 Vero
1330 812 1379 859 δε
1403 810 1459 857 de
1486 807 1673 874 Judicio
1695 823 1753 858 ex
1790 810 1888 868 illo,
1923 811 1974 859 &
2007 827 2088 876 per
2109 813 2295 874 solium,
2328 818 2399 867 ibri

389 887 444 933 in
478 882 600 942 lensu
636 883 812 929 interno
836 879 1107 944 significatur
1131 877 1175 925 id
1201 877 1325 942 quod
1342 878 1414 934 rest
1441 878 1606 926 Divini
1628 877 1785 939 Regii,
1821 879 1872 926 δε
1906 892 1987 940 per
2008 874 2240 929 sedentem
2265 883 2398 948 super

394 953 474 1000 illo
497 949 597 1014 lpse
613 947 846 996 Dominus
867 947 977 995 sicut
998 946 1099 994 Rex
1118 958 1196 995 aut
1219 946 1328 993 ficut
1354 945 1537 1008 Judex3
1574 943 1648 994 sed
1672 944 1944 1008 significatio
1966 945 2066 1002 solii
2085 939 2200 995 sicut
2230 948 2403 1012 signifi»

389 1019 512 1067 catio
547 1016 747 1081 plurium
782 1011 971 1062 aliarum
1011 1029 1159 1060 rerum
1203 1012 1242 1058 se
1279 1012 1414 1060 habet
1453 1011 1731 1075 respectivef,
1763 1028 1875 1060 >cum
1900 1011 2060 1076 Ipsum
2074 1014 2313 1066 Divinum
2342 1018 2401 1067 δε

395 1084 631 1135 Divinum
659 1082 942 1129 Humanum
982 1073 1177 1127 Domini
1202 1077 1470 1142 intelligitur
1500 1094 1582 1142 per
1605 1078 1836 1127 sedentem
1865 1079 1996 1142 super
2019 1080 2149 1138 solio,
2187 1095 2296 1131 tunc
2319 1084 2406 1133 Di*-

395 1155 560 1199 vinum
584 1150 757 1195 Verum
784 1146 909 1211 quod
935 1149 1142 1210 procedit
1165 1151 1220 1193 ab
1239 1145 1359 1209 Ips0‚
1388 1144 1659 1207 intelligitur
1681 1160 1762 1208 per
1788 1145 1950 1192 solium
1970 1167 1984 1200 3
2007 1161 2114 1195 cum
2139 1163 2291 1205 autem
2312 1151 2395 1199 Di-

393 1222 563 1266 ·vinum
588 1216 761 1262 Verum
786 1214 911 1277 quod
936 1212 1141 1278 procedit
1160 1229 1183 1258 a
1200 1212 1430 1266 Domino,
1464 1211 1741 1275 intelligitur
1759 1226 1840 1275 per
1859 1211 2090 1261 sedentem
2116 1213 2249 1277 super
2271 1217 2402 1277 solio,

398 1299 508 1334 tunc
529 1281 790 1331 universum
821 1279 1013 1335 coelum,
1049 1278 1176 1343 quod
1215 1278 1443 1326 Divinum
1469 1278 1644 1325 Verum
1677 1277 1856 1341 implet,
1891 1278 2163 1342 intelligitur
2197 1298 2280 1346 per
2302 1282 2404 1333 soli·-

395 1369 511 1405 um·,
546 1365 656 1396 cum
694 1360 850 1394 autem
873 1345 1104 1394 Dominus
1138 1346 1292 1410 quoad
1327 1344 1559 1392 Divinum
1583 1344 1759 1392 Verum
1783 1346 1829 1391 in
1856 1344 2161 1408 superioribus
2183 1349 2313 1395 coelis
2336 1350 2404 1398 in-

395 1416 619 1480 telligitur
651 1430 731 1478 per
764 1413 991 1461 sedentem
1030 1412 1165 1474 super
1204 1411 1333 1468 solio,
1371 1422 1480 1458 tunc
1505 1410 1734 1458 Divinum
1770 1410 1946 1459 Verum
1986 1414 2113 1476 quod
2156 1414 2202 1461 in
2239 1416 2406 1465 infimo

388 1486 533 1540 coelo,
559 1482 609 1529 &
631 1495 815 1545 quoque
839 1478 964 1544 quod
990 1477 1054 1525 est
1079 1480 1123 1526 in
1150 1477 1364 1533 Ecclesia,
1405 1476 1670 1536 intelligitur
1694 1494 1773 1540 per
1791 1477 1954 1526 solium
1977 1498 1992 1532 3
2032 1480 2092 1526 ita
2116 1476 2404 1545 significatio·

395 1568 477 1601 nes
502 1551 599 1597 solii
625 1550 665 1594 le
702 1549 869 1595 habent
904 1545 1163 1609 respective.
1235 1544 1382 1611 Qod
1420 1561 1497 1607 per
1530 1541 1695 1592 solium
1717 1544 1990 1606 significetur
2012 1547 2060 1593 id
2083 1553 2206 1611 quod
2233 1548 2295 1595 est
2318 1550 2405 1598 Di·

400 1617 497 1665 vini
518 1606 646 1669 Veri,
682 1613 745 1660 est
767 1613 891 1660 causa
915 1613 1020 1676 quia
1045 1628 1125 1674 per
1142 1611 1325 1672 Regem
1351 1613 1395 1658 in
1423 1611 1578 1657 Verbo
1602 1611 1882 1672 significatur
1907 1611 2099 1668 Verum,
2137 1615 2188 1662 δε
2211 1632 2404 1681 quoque

399 1701 481 1751 per
508 1684 764 1743 Regnum·‚
800 1680 925 1744 quod
967 1694 1047 1744 per
1085 1678 1288 1741 Regem,
1326 1676 1535 1724 videatur
1572 1693 1631 1723 n:
1678 1678 1816 1742 1672.
1869 1683 2010 1741 1728.
2057 1695 2203 1741 2015.
2249 1694 2397 1746 2069.

403 1767 548 1818 300).
591 1747 735 1811 3670.
762 1749 906 1808 4581.
947 1745 1093 1808 4966.
1133 1761 1276 1806 5044.
1322 1745 1490 1806 50683
1527 1745 1576 1792 &
1609 1745 1735 1807 qnod
1770 1760 1850 1808 per
1889 1745 2129 1807 Regnum,
2166 1764 2228 1795 n:
2260 1750 2403 1815 1672.

403 1832 548 1879 2547.
574 1814 698 1877 4691
726 1831 736 1860 ε
774 1812 888 1877 quid
923 1827 1072 1859 autem
1109 1827 1188 1876 per
1221 1809 1387 1858 solium
1424 1811 1495 1859 seu
1533 1811 1749 1858 thronum
1800 1813 1847 1858 in
1866 1811 2024 1859 Verbo
2059 1813 2332 1877 intelligitur
2356 1817 2405 1864 in

400 1884 563 1948 specie,
599 1894 722 1945 patet
746 1880 810 1927 ibi
834 1895 890 1926 ex
915 1879 1019 1926 serie
1040 1895 1050 1924 ε
1087 1891 1137 1926 ut
1156 1878 1278 1941 apud
1293 1877 1573 1926 Mat-thaeum
1599 1885 1633 1906 “
1652 1877 1761 1939 Ego
1785 1878 1891 1925 dico
1915 1879 2066 1935 vobiS,
2094 1896 2184 1927 non
2197 1880 2407 1944 jurabitis

400 1949 613 2004 omnino,
651 1946 798 2011 neque
839 1963 917 2009 per
956 1946 1132 2003 Caelum,
1170 1947 1280 2010 quia
1302 1945 1496 1992 Thronus
1541 1945 1631 1994 Dei
1669 1944 1750 2001 est,
1785 1960 1931 2008 neque
1966 1961 2047 2009 per
2081 1958 2263 2003 terram,
2294 1950 2409 2014 quia
2447 2004 2451 2009 ,

388 2016 616 2081 scabellum
648 2013 803 2076 pedum
827 2012 962 2074 Ipstus
982 2032 999 2067 ς
1054 2028 1204 2076 neque
1238 2028 1318 2075 per
1343 2011 1740 2074 Hierosolymam,
1775 2012 2011 2076 quiaurbs
2035 2016 2193 2075 magni
2218 2015 2364 2080 Regis
2377 2015 2410 2041 ’⁸

402 2100 466 2129 v:
495 2099 571 2146 34.
601 2098 696 2145 35.-
732 2080 780 2127 δε
804 2080 912 2126 alibi
949 2079 1071 2144 apud
1107 2078 1323 2126 Eundem
1376 2086 1408 2108 “
1436 2079 1533 2141 Qui
1563 2077 1783 2142 juraverit
1822 2093 1902 2142 per
1942 2079 2122 2137 Caelum,
2165 2079 2289 2144 jurat
2327 2098 2412 2146 per

407 2150 622 2198 {l'hronum
636 2147 807 2204 Dei‚&
830 2162 911 2210 per
933 2144 1088 2209 Ipsum
1115 2145 1217 2209 Qi
1240 2143 1354 2192 sedit
1372 2145 1502 2209 super
1523 2145 1601 2192 illo
1619 2143 1648 2168 ’'
1674 2160 1821 2194 xxm.
1846 2160 1940 2200 22¹3
1967 2146 2028 2192 ibi
2053 2160 2205 2209 aperte
2229 2147 2415 2208 dicitur,

400 2216 528 2281 quod
565 2215 736 2262 coelum
779 2211 833 2260 lit
874 2213 1066 2260 thronus
1098 2213 1207 2269 Dei,
1259 2228 1342 2276 per
1384 2223 1544 2260 terram
1586 2227 1695 2276 quae
1718 2223 1904 2260 vocatur
1939 2210 2185 2261 scabellum
2211 2216 2408 2276 pedum,

402 2282 681 2346 fignificatur
715 2279 759 2327 id
796 2279 924 2344 quod
962 2277 1074 2326 infra
1107 2279 1278 2326 coelum
1317 2276 1398 2334 est,
1448 2278 1508 2325 ita
1541 2277 1755 2336 Ecclesia,
1790 2278 1916 2342 quod
1951 2290 2068 2326 terra
2095 2280 2151 2328 fit
2185 2280 2404 2343 Ecclesia,

387 2350 611 2397 -videatur
634 2364 699 2398 n:
738 2347 847 2408 566.
876 2346 988 2394 662.
1021 2345 1161 2394 1066.
1193 2345 1334 2404 1067.
1367 2344 1508 2394 1262.
1557 2361 1700 2407 1413.
1738 2346 1878 2412 1607.
1906 2359 2052 2409 2733.
2087 2350 2228 2409 1850.
2256 2363 2406 2413 2117.

410 2418 556 2465 2118.
579 2417 722 2477 2928.
747 2427 891 2476 3355.
910 2426 1058 2476 4535.
1075 2425 1223 2474 4447.
1259 2411 1477 2471 Similiter
1515 2411 1640 2475 apud
1657 2410 1839 2459 Esaiam
1875 2420 1907 2442 ‘⁶
1932 2412 2007 2460 Sic
2042 2412 2161 2461 dixit
2182 2414 2415 2475 Jehovah,

409 2482 508 2530 Coeli
522 2479 715 2529 ‘Wronus
738 2495 871 2537 meus,
897 2480 947 2527 δε
967 2492 1081 2526 terra
1099 2477 1339 2525 scabellum
1363 2477 1539 2540 pedum
1564 2491 1769 2526 meorum
1787 2477 1820 2501 ’'
1845 2493 1959 2526 ικνι
1979 2495 1996 2525 .·
2021 2497 2039 2528 ι
2063 2496 2077 2529 2
2101 2481 2153 2528 δε
2170 2481 2290 2546 apud
2311 2483 2412 2531 Da-

408 2549 567 2595 videm
604 2555 640 2576 “
659 2545 870 2607 Jehovah
895 2545 941 2593 in
960 2544 1071 2592 caelis
1094 2544 1529 2593 firmavit'Thronum
1542 2544 1670 2607 suum
1687 2544 1721 2569 '²
1757 2544 1937 2601 Psalm:
1958 2561 2120 2594 cxxxx:
2153 2563 2199 2608 5.
2259 2545 2412 2613 Apud

406 2614 676 2663 Mattheum
713 2620 748 2641 “
775 2612 977 2675 Qando
999 2613 1174 2659 venerit
1208 2609 1353 2659 Filius
1374 2610 1575 2658 hominis
1609 2611 1654 2659 in
1691 2610 1841 2673 gloria
1873 2612 1966 2670 sua,
2002 2614 2410 2663 &omnessanffl

361 2686 368 2691 “
407 2680 583 2743 Angeli
607 2695 716 2726 cum
742 2678 862 2742 ipso,
899 2691 1009 2726 tunc
1032 2672 1205 2725 sedebit
1236 2678 1368 2741 ficper
1399 2677 1548 2726 throno
1566 2678 1831 2743 ,glorioesttae
1847 2677 1879 2702 ”
1917 2695 2048 2727 xxv:
2085 2696 2184 2744 31³
2218 2680 2281 2728 ibi
2312 2680 2413 2744 agi-

406 2761 483 2794 tur
504 2746 562 2793 de
597 2745 766 2794 ultimo
799 2743 1002 2804 Judicio,
1038 2743 1089 2791 &
1122 2743 1279 2791 sedens
1309 2743 1442 2810 super
1474 2744 1642 2792 throno
1680 2757 1868 2794 vocatur
1899 2744 2023 2804 Rex,
2058 2745 2121 2794 ibi
2151 2745 2288 2794 Vers:
2325 2762 2411 2810 34,

410 2830 511 2871 403
547 2811 735 2862 thronus
769 2810 932 2872 gloriae
961 2808 1006 2856 in
1040 2809 1164 2858 sensu
1199 2811 1379 2858 interno
1401 2810 1466 2858 ibi
1489 2810 1554 2858 est
1577 2809 1808 2861 Divinum
1827 2812 2007 2862 Verum
2038 2812 2168 2877 quod>
2197 2827 2255 2859 ex
2273 2813 2414 2862 Divi-

411 2895 474 2926 no
507 2878 637 2926 Bono
675 2879 723 2925 in
753 2876 892 2934 coeln,
928 2874 1083 2924 sedens
1105 2876 1235 2939 super
1267 2877 1435 2926 throno
1473 2876 1556 2925 illo
1587 2876 1651 2924 est
1686 2878 1941 2936 Dominus,
1970 2879 2051 2942 qui
2089 2891 2309 2942 quatenus
2328 2881 2417 2944 Ju-

409 2945 506 2991 dex
543 2960 600 2991 ex
634 2943 811 2991 Divino
833 2944 975 3000 Vere,
1008 2954 1200 2991 vocatur
1221 2943 1286 2991 ibi
1317 2942 1435 2991 Rex.
1505 2943 1654 3006 Apud
1676 2945 1855 2994 Lucam
1891 2954 1924 2976 ‘⁶
1946 2944 2046 2992 Hic
2081 2944 2166 2992 erit
2199 2961 2415 3010 magnus,

416 3013 466 3057 &
486 3009 524 3056 F
530 3010 626 3057 ilius
647 3010 869 3057 Altiffimi
902 3009 1157 3066 vocabitur,
1192 3011 1244 3058 δε
1273 3009 1397 3058 dabit
1429 3009 1502 3058 Illi
1539 3008 1772 3060 Dominus
1806 3012 1934 3058 Deus
1964 3009 2186 3058 {aronam
2214 3013 2416 3062 Davidis

410 3079 551 3140 patris
569 3075 710 3140 Ipsius
723 3074 754 3098 ’'
790 3092 804 3122 1
828 3094 838 3122 ε
861 3091 919 3141 32
941 3097 956 3131 ·,
980 3074 1080 3124 haec
1098 3075 1308 3137 Angelus
1326 3076 1382 3123 ad
1401 3075 1633 3132 Mariam3
1667 3077 1796 3141 quod
1813 3075 1878 3124 ibi
1895 3075 2085 3125 thronus
2103 3076 2299 3126 Davidis
2316 3095 2412 3127 non

414 3145 471 3191 sit
495 3157 687 3204 regnum
719 3142 846 3206 quod
884 3142 1042 3190 habuit
1080 3141 1254 3198 David,
1290 3141 1366 3190 seu
1390 3141 1608 3205 Regnum
1632 3143 1680 3190 in
1703 3155 1834 3200 terra,
1869 3141 1946 3191 sed
1979 3159 2176 3208 regnum
2201 3144 2247 3191 in
2269 3146 2414 3204 coelo,

409 3209 558 3257 cuivis
580 3207 766 3267 constat,
803 3225 940 3274 quare
966 3223 1049 3258 nec
1069 3223 1152 3276 per
1175 3207 1415 3259 Davidem
1436 3207 1711 3273 significatur
1733 3207 1912 3269 David,
1946 3208 2021 3259 sed
2045 3209 2254 3275 Regium
2279 3212 2419 3260 Diviae

903 3292 906 3294 ·
2294 3291 2412 3327 num
