2670 3698
362 247 707 326 ‘CAPUT
737 216 1679 334 QUADRAGES1MUM
1708 247 2173 321 PRIMUM.
2234 275 2327 345 41

320 387 462 442 mim,
497 381 549 430 δε
565 394 674 444 quae
691 378 734 425 ei
757 376 819 425 rei
839 377 990 424 affinia
1017 376 1135 433 sunt,
1172 375 1392 425 sefistunt
1414 378 1575 425 ordine
1593 379 1784 435 circum,
1819 379 1962 444 usque
1986 381 2040 428 ad
2061 398 2152 429 non
2171 385 2326 433 affinia

322 466 433 517 quae
453 447 552 495 sunt
569 446 882 499 remotissima,
919 445 969 492 &
987 456 1096 508 tunc
1115 443 1160 491 in
1181 443 1413 492 oblivione
1433 466 1447 500 ;
1470 461 1590 508 quae
1608 443 1815 509 opposita
1835 448 1953 505 sunt,
1992 449 2096 497 inde
2121 449 2324 513 separan—

319 530 412 574 tur,
447 514 499 564 &
522 512 727 578 pendent
756 510 984 566 deorsum,
1021 512 1071 559 δε
1104 510 1146 558 se
1173 509 1328 557 sistunt
1358 512 1525 566 subter,
1563 513 1614 559 δε
1637 513 1930 577 aequilibrant
1953 516 2031 570 iila
2059 532 2166 581 quae
2189 516 2323 581 supra

263 603 266 604 ⁷
317 583 456 637 sunu
490 579 722 630 ordinatio
744 578 842 625 haec
865 579 921 625 fit
940 594 1019 640 per
1038 579 1214 626 bonum
1231 577 1361 642 quod
1385 577 1538 625 influit
1558 599 1571 632 ·,
1607 579 1670 626 ita
1690 579 1731 625 se
1756 579 1893 628 habet
1911 597 2017 630 cum
2040 583 2170 632 omni
2191 585 2322 648 cogi-

318 651 489 700 tatione
523 645 723 695 hominis
743 666 758 700 ς
792 643 919 710 quod
935 644 1004 692 ‘ita
1027 643 1069 692 se
1094 644 1271 700 habeat,
1307 659 1366 692 ex
1387 643 1741 708 cogitationibus
1765 647 1811 694 in
1838 647 1977 695 altera
2000 650 2094 696 vita
2116 664 2322 714 apparet,

315 714 620 781 cogitationes
639 713 765 760 enim
798 713 859 759 ibi
887 713 931 758 in
953 712 1052 758 luce
1069 710 1176 758 coeli
1201 710 1344 758 solent
1367 711 1650 777 quandoque
1676 713 1875 761 visibiles
1896 714 2018 772 sisti,
2039 716 2090 763 δε
2107 730 2217 766 tunc
2238 734 2322 783 ap-

313 795 444 848 paret
467 782 569 838 talis
589 794 746 828 earum
769 775 1076 843 dispositionis
1108 776 1288 827 forma:
1324 778 1433 825 inde
1453 778 1653 826 constare
1683 780 1849 844 potest,
1883 781 2011 846 quod
2033 782 2241 833 oblivisci
2264 786 2318 835 im

315 851 441 900 sensu
461 848 652 904 interne,
688 862 781 895 non
799 846 922 894 aliud
948 844 1003 892 fit
1025 861 1168 910 quam
1187 846 1400 902 remotio,
1436 846 1487 894 &
1510 845 1710 910 privatio
1726 862 1964 911 apparens.

388 931 533 980 5279.
571 915 636 963 Et
657 911 895 961 consumet
915 908 1055 959 fames
1073 924 1256 970 terram,
1293 910 1418 977 quod
1442 913 1666 976 significet
1685 913 1829 978 usque
1851 914 1906 961 ad
1930 914 2314 978 desperationem,

313 983 492 1032 constat
507 998 565 1029 ex
582 978 909 1045 significatione
932 977 1084 1036 famis,
1119 979 1249 1044 quod
1266 979 1323 1035 fit
1338 977 1542 1027 defectus
1558 980 1902 1042 cognitionum,
1926 981 1976 1030 δε
1994 982 2099 1031 inde
2118 986 2319 1046 privatio

317 1052 432 1107 veri,
467 1049 526 1096 de
547 1065 637 1113 qua
667 1046 870 1111 supran:
906 1060 1053 1111 5277.
1076 1050 1238 1111 5²78³
1275 1046 1324 1091 δε
1352 1061 1410 1092 ex
1432 1045 1766 1110 significatione
1805 1060 1952 1105 terrae,
1989 1048 2063 1096 hic
2091 1051 2313 1117 AEgypti,

317 1116 447 1182 quod
467 1116 523 1164 fit
547 1130 673 1163 mens
697 1113 923 1168 naturaliS,
958 1113 1017 1159 de
1041 1128 1135 1178 qua
1165 1111 1306 1161 etiam
1334 1110 1466 1176 supra
1484 1129 1540 1160 n:
1561 1113 1707 1174 5276.
1737 1130 1791 1175 52
1805 1118 1863 1178 78
1884 1137 1898 1169 3
1934 1116 2062 1179 quod
2097 1117 2237 1186 usque
2254 1121 2312 1168 ad

314 1183 700 1248 desperationem,
735 1179 799 1228 est
832 1180 937 1244 quia
960 1178 1146 1247 dicitur,
1180 1177 1419 1228 confirmet
1440 1179 1583 1228 fames
1608 1193 1771 1228 terram
1793 1202 1807 1235 ;
1839 1197 1948 1230 cum
1972 1182 2097 1231 enim
2119 1200 2203 1248 per
2228 1198 2317 1245 ter·

316 1267 415 1299 tarn
436 1250 715 1313 significatur
733 1262 863 1295 mens
895 1244 1121 1302 naturaliS,
1155 1245 1206 1294 δε
1225 1261 1305 1310 per
1324 1243 1497 1294 famem
1531 1246 1726 1310 privatio
1748 1246 1863 1304 veri,
1898 1263 1989 1296 non
2015 1251 2139 1299 aliud
2173 1252 2314 1316 figni-

314 1319 633 1381 ficaturquam
652 1312 920 1376 desperatio,
955 1328 1062 1362 narn
1086 1325 1196 1360 tunc
1215 1312 1431 1377 spirituali
1456 1313 1600 1361 modo
1616 1313 1671 1361 fit
1688 1314 1961 1365 consumtiO.
2032 1317 2314 1368 Describitur

312 1385 388 1433 hic
410 1376 698 1436 desolationis
719 1379 855 1427 status
879 1394 962 1443 per
981 1379 1291 1442 privationem
1318 1377 1429 1434 veri,
1466 1378 1686 1434 ultimum
1720 1379 1843 1428 illius
1866 1380 2001 1430 status
2025 1381 2089 1430 est
2107 1385 2314 1449 despera·

310 1444 410 1500 tio:
443 1448 571 1515 quod
603 1445 856 1511 desperatio
890 1445 944 1493 fit
974 1443 1197 1493 ultimum
1229 1444 1348 1492 illius
1377 1442 1531 1501 statuS,
1564 1445 1627 1492 est
1658 1446 1764 1509 quia
1789 1463 1867 1510 per
1890 1447 2017 1497 illam
2049 1459 2318 1502 removetur=

305 1510 571 1582 jucundum
596 1515 762 1577 amo-ris
786 1510 851 1559 sui
875 1512 926 1562 ὅτ
951 1511 1131 1568 mundi,
1166 1512 1218 1559 &
1239 1512 1343 1559 loco
1365 1509 1459 1576 ejus
1480 1512 1730 1560 insinuatur
1735 1510 2003 1577 jucundum
2021 1518 2186 1565 amoris
2203 1519 2314 1569 boni

312 1586 365 1634 δι
387 1584 485 1631 veri
505 1603 520 1637 ;
554 1579 805 1645 desperatio
827 1578 950 1627 enim
971 1574 1095 1642 apud
1128 1578 1458 1643 regenerandos
1479 1577 1545 1626 est
1567 1579 1625 1626 de
1643 1579 1738 1626 vita
1759 1580 1998 1644 spirituali,
2034 1585 2228 1646 proinde
2251 1588 2311 1633 de

311 1651 571 1716 privatione
588 1637 687 1695 vefi
708 1647 760 1696 δε
778 1646 904 1710 boni,
939 1661 1048 1694 nam
1070 1660 1177 1693 cum
1202 1645 1234 1694 ii
1255 1645 1492 1712 privantur
1511 1659 1624 1694 vero
1640 1645 1692 1694 &
1714 1646 1857 1704 bon0,
1890 1646 2131 1713 desperant
2145 1652 2204 1699 de
2223 1655 2315 1703 vita

311 1717 567 1783 spirituali3
602 1716 709 1763 inde
731 1714 795 1762 eis
811 1711 1074 1776 jucundum
1097 1712 1147 1761 &
1172 1712 1360 1761 beatum
1388 1728 1498 1760 curn
1524 1729 1581 1760 ex
1603 1713 1916 1777 desperatione
1948 1731 2211 1782 emergunt.

379 1786 538 1846 5280,
567 1782 633 1830 Et
655 1797 748 1829 non
771 1779 1066 1845 cognoscetur
1082 1778 1358 1828 abundantia
1373 1794 1569 1827 annonae
1587 1780 1632 1829 in
1653 1792 1782 1836 terra,
1800 1781 1927 1844 quod
1948 1781 2173 1845 significet
2188 1786 2318 1852 quod

311 1850 429 1900 nihil
445 1850 504 1898 de
522 1864 651 1907 vero,
688 1844 812 1913 quod
835 1847 977 1912 prius,
1011 1845 1342 1911 appercipietur
1357 1847 1440 1903 ibi,
1474 1846 1648 1905 constat
1667 1863 1725 1895 ex
1742 1847 2070 1909 significatione
2086 1854 2315 1916 cognosci,

310 1919 443 1984 quod
473 1917 528 1966 fit
559 1915 828 1981 appercipi;
863 1929 922 1962 ex
956 1912 1290 1978 significatione
1324 1913 1616 1974 abundantiae
1646 1929 1856 1979 annonae,
1891 1915 2019 1980 quod
2055 1917 2312 1970 fitverum

313 1981 696 2049 multiplicatum,
731 1982 790 2028 de
811 1997 904 2045 qua
928 1979 1055 2044 supra
1080 1997 1138 2028 n:
1164 1981 1310 2041 5276.
1338 1982 1467 2043 5278
1491 2001 1505 2035 ;
1542 1981 1590 2029 &
1612 1996 1670 2027 ex
1694 1981 2023 2043 fignificatione
2049 1996 2198 2043 terrae,
2238 1987 2312 2036 hic

313 2064 448 2102 terrae
468 2050 684 2114 IEgypti,
719 2048 847 2114 quod
875 2045 930 2095 fit
954 2063 1080 2096 mens
1115 2046 1340 2109 naturalis,
1374 2046 1434 2094 de
1457 2062 1548 2111 qua
1587 2047 1728 2096 etiam
1752 2046 1880 2111 supra
1904 2065 1962 2096 n:
1987 2053 2134 2117 5275.
2164 2058 2311 2128 537⁸·

315 2133 483 2184 52793
520 2117 629 2164 inde
651 2128 791 2181 patet,
826 2114 958 2179 quod
993 2129 1078 2179 per
1111 2128 1204 2161 non
1240 2113 1540 2177 cognoscetur
1571 2113 1845 2162 abundantia
1879 2131 2076 2166 annonae
2111 2118 2155 2166 in
2182 2130 2310 2179 terra,

307 2185 587 2249 significetur
606 2181 737 2249 quod
755 2181 870 2230 nihil
891 2180 950 2227 de
975 2195 1100 2237 vero,
1135 2180 1264 2245 quod
1289 2181 1432 2244 prius,
1467 2180 1799 2245 appercipietur
1815 2183 1862 2230 in
1880 2184 2080 2234 naturali.
2150 2186 2204 2235 In
2226 2187 2315 2236 hoc

310 2251 458 2301 Versu
478 2251 630 2314 agitur
652 2251 712 2299 de
735 2247 849 2296 statu
867 2246 1154 2296 desolationis
1174 2245 1363 2306 ultim0‚
1399 2262 1509 2295 cum
1528 2245 1795 2310 desperati0‚
1831 2265 1939 2314 quae
1962 2251 2178 2314 proxime
2197 2270 2312 2319 pra-,f

307 2318 434 2372 cedit
453 2329 559 2366 ante
581 2315 992 2381 regenerationem,
1026 2314 1078 2363 &
1101 2313 1212 2379 quia
1238 2313 1296 2362 de
1320 2313 1405 2361 hac
1433 2328 1482 2361 re
1507 2313 1553 2361 in
1577 2312 1668 2363 hoc
1689 2314 1836 2362 Versu
1859 2316 2028 2380 agitur,
2060 2317 2312 2371 dicendum

306 2385 550 2450 quomodo
573 2383 616 2432 se
639 2384 811 2438 habet;
844 2380 998 2431 omnis
1032 2380 1178 2429 homo
1212 2379 1448 2430 reformari
1482 2379 1638 2441 debet,
1673 2397 1726 2428 ac
1746 2395 1773 2428 e
1795 2382 1920 2430 novo
1946 2383 2059 2431 nasci
2086 2384 2157 2435 seu
2184 2401 2314 2450 rege-⁷

307 2451 476 2511 uetari,
509 2464 563 2501 ut
583 2451 718 2514 posiit
739 2448 896 2497 venire
918 2448 965 2497 in
986 2447 1182 2507 coelum,
1218 2463 1333 2496 nemo
1367 2448 1493 2508 enim
1517 2448 1598 2506 nisi
1610 2457 1840 2511 generetur
1863 2448 1994 2496 denuo
2009 2453 2142 2513 potest
2165 2455 2314 2503 videre

308 2519 511 2582 Regnum
544 2518 635 2568 Dei
648 2516 680 2536 ''
721 2516 845 2581 Joh:
871 2530 968 2563 111:
995 2531 1038 2578 3.
1065 2530 1112 2578 5.
1137 2517 1201 2570 6·,
1236 2514 1383 2563 homo
1421 2527 1552 2562 natus
1588 2514 1652 2562 est
1673 2512 1721 2561 in
1754 2529 2014 2579 peccatum,
2054 2519 2178 2581 quod
2204 2536 2310 2569 auc-

306 2597 412 2635 tum
435 2584 501 2632 est
523 2584 664 2647 longa
688 2583 795 2631 serie
819 2599 842 2630 a
865 2581 1145 2647 parentibuS,
1179 2581 1278 2629 avis
1313 2582 1362 2630 ὅτ
1387 2582 1549 2638 atavis,
1582 2582 1633 2629 δε
1658 2580 1996 2630 haereditarium
2030 2583 2221 2642 saelum,
2257 2590 2309 2636 δε

302 2651 368 2705 fic
389 2650 648 2700 transsatum
671 2651 716 2699 in
740 2649 907 2715 proles,
941 2647 1089 2696 homo
1109 2648 1192 2712 qui
1219 2645 1429 2704 nascitur,
1463 2646 1512 2694 in
1538 2659 1609 2694 tot
1631 2646 1751 2695 mala
1775 2646 2058 2698 haereditaria
2082 2667 2192 2715 quae
2218 2653 2312 2702 suc-

302 2719 466 2768 ceffive
489 2716 553 2765 ita
589 2716 922 2772 succreverunt,
958 2714 1171 2772 nascitur,
1207 2714 1314 2762 inde
1336 2713 1401 2761 est
1423 2713 1552 2781 quod
1578 2729 1671 2761 non
1697 2712 1750 2762 fit
1780 2714 1863 2763 nifi
1886 2729 2156 2780 precatuum
2194 2736 2311 2787 qua.

298 2798 493 2851 propter
510 2783 594 2831 nifi
618 2795 921 2845 regeneretur,
958 2781 1005 2830 in
1029 2793 1217 2846 peccato
1240 2793 1364 2830 totus
1381 2793 1582 2846 quantus
1607 2792 1789 2829 manet:
1824 2794 1877 2846 ut
1900 2794 2057 2833 autem
2080 2781 2312 2849 regenere.

300 2864 397 2910 tur,
430 2851 586 2916 primo
607 2848 745 2898 debet
768 2847 1002 2897 reformari
1024 2867 1041 2903 ς
1079 2849 1130 2897 ὅτ,
1154 2847 1243 2897 hoc
1273 2863 1356 2912 per
1372 2863 1479 2896 vera
1499 2847 1607 2896 fidei
1626 2868 1643 2903 ·,
1677 2847 1880 2896 addiscet
1901 2848 2025 2897 enim
2052 2865 2106 2897 ex
2138 2852 2311 2913 Verbo,

300 2920 356 2971 δε
378 2933 438 2967 ex
458 2916 670 2966 doetrina
686 2914 814 2972 inde,
849 2913 961 2979 quid
979 2913 1176 2972 bonum,
1192 2913 1495 2976 cognitiones
1513 2913 1619 2962 boni
1639 2928 1697 2961 ex
1708 2914 1871 2963 'Ver'bo
1889 2914 1960 2962 seu
1979 2916 2187 2965 doetrina
2205 2922 2312 2969 inde

302 2996 530 3034 vocantur
545 2998 652 3032 vera
669 2981 797 3038 fidei,
833 2995 941 3028 nam
962 2982 1120 3028 omnia
1138 2995 1243 3029 vera
1261 2980 1372 3029 fidei
1389 2979 1636 3028 scaturiunt
1653 2994 1712 3027 ex
1731 2979 1872 3038 bono,
1909 2982 1959 3028 δε
1985 2982 2136 3031 fluunt
2155 2987 2206 3032 ad
2226 2987 2314 3035 bo·

305 3067 442 3109 num,
475 3049 682 3116 speetant
703 3048 831 3097 enim
851 3047 1030 3096 bonum
1053 3058 1104 3095 ut
1126 3046 1273 3108 finem
1295 3067 1311 3103 ;
1345 3045 1421 3094 hic
1443 3045 1579 3095 status
1602 3045 1666 3094 est
1685 3047 1867 3109 primus
1891 3049 1943 3105 ὣ
1963 3063 2150 3098 vocatur
2179 3051 2313 3102 status

297 3117 675 3172 reformationis3
711 3115 757 3164 in
781 3115 902 3172 hunc
943 3113 1110 3161 statum
1136 3113 1492 3162 introducuntur
1514 3113 1727 3178 pictique
1751 3114 1832 3179 qui
1857 3114 1905 3172 in
1944 3114 2139 3165 Ecclesia
2164 3121 2219 3167 ab
2235 3123 2311 3168 'in-

296 3182 447 3233 fantia
464 3183 607 3249 nsque
642 3181 700 3230 ad
737 3180 1106 3238 adolescentiam,
1142 3192 1189 3228 at
1220 3179 1361 3245 usque
1397 3180 1530 3244 pauci
1556 3192 1891 3244 regenerantur,
1926 3197 2030 3230 vera
2052 3186 2174 3232 enirn
2200 3187 2312 3235 fidei

299 3243 695 3317 seumgnitiones
730 3248 840 3300 boni
875 3246 1054 3298 discunt
1074 3244 1283 3316 plerique
1300 3262 1356 3362 i?
1393 3245 1597 3297 Ecclesia
1619 3246 1683 3297 ob
1705 3247 1846 3298 finem
1867 3244 2007 3299 farnae
2040 3252 2090 3301 δε
2112 3250 2315 3309 honoris,

314 3385 347 3408 ⁵-
