2626 3666
322 215 631 292 CAPUT
667 213 1525 302 QUADRAGESIMUM
1550 212 2111 283 SECUNDUM.
2155 222 2278 299 105

274 351 551 417 praesentant
573 336 834 410 spiritualia,
871 359 922 392 ac
953 342 1134 400 similia,
1173 358 1267 388 non
1291 342 1394 389 sunt
1421 339 1502 388 nifi
1526 357 1666 406 quam
1703 340 1986 399 scientifica;
2022 357 2272 409 antequam

278 419 424 470 homo
447 429 505 461 ex
527 413 686 461 Verbo
709 411 894 468 viderit,
931 426 1046 457 num
1069 425 1175 457 vera
1198 409 1301 466 sint,
1337 410 1388 457 &
1419 407 1525 456 inde
1547 409 1863 473 appropriavit
1889 411 1963 458 illa
1987 411 2084 459 fibi.
2154 414 2276 460 Sunt

274 485 402 540 binae‘
431 481 521 529 viae
549 479 846 544 comparandi
880 493 984 525 vera
1019 493 1128 542 quae
1161 476 1265 524 sunt
1297 476 1425 532 fidei,
1462 491 1630 539 nempe
1655 491 1736 538 per
1771 476 2071 535 Doctrinalia,
2107 480 2158 527 &
2193 494 2276 543 per

272 549 517 602 ,Verbum3
552 563 664 595 curn
706 547 853 593 homo
891 544 1040 592 solum
1073 556 1309 607 comparat
1333 543 1406 590 illa
1436 542 1517 590 fibi
1543 558 1623 606 per
1646 542 1950 600 Dostrinalia,
1985 546 2273 595 tune-fidem

271 615 412 668 habet
429 613 519 661 illis
536 615 619 678 qui
643 628 701 660 ex
724 614 883 661 Verbo
906 611 983 659 illa
1005 610 1340 667 concluserunt,
1376 626 1425 658 ac
1442 610 1563 673 apud
1586 609 1628 656 se
1646 610 2032 674 confirmat'quod
2057 629 2161 660 vera
2185 614 2275 662 fint

268 682 381 748 quia
404 681 478 728 alii
498 680 555 728 fic
578 680 812 736 dixerunt,
849 681 920 727 ita.
935 693 1028 726 non
1051 678 1196 726 credit
1220 678 1295 726 illa
1317 693 1376 724 ex
1401 677 1476 724 sua
1508 676 1582 723 sed
1608 692 1666 724 ex
1699 678 1898 730 aliorum
1921 680 2013 727 fide
2040 697 2051 726 :
2087 692 2135 727 at
2163 696 2272 729 cum

265 761 502 813 comparat
538 747 622 797 fibi
659 746 736 795 illa
758 762 817 794 ex
850 746 1025 801 Verbo,
1063 744 1242 793 &inde
1260 745 1384 807 apud
1411 745 1453 791 se
1477 744 1721 791 confirmat
1745 750 1870 807 quod
1893 761 1998 793 vera
2024 746 2125 803 sint,
2163 760 2273 796 tunc

266 817 414 864 credit
433 815 504 862 illa
521 815 627 879 quia
644 829 700 861 ex
720 814 899 860 Divino
923 812 1043 869 sunt,
1082 812 1144 859 ita
1161 827 1219 858 ex
1241 812 1332 859 fide
1347 827 1375 858 a
1397 811 1595 860 Divino.
1669 810 2014 877 Unusquisque,
2049 814 2132 878 qui
2152 815 2272 862 intra

270 882 524 931 Ecclefiam
548 880 629 938 est,
665 881 871 943 primurn
894 890 1146 943 *comparat
1186 878 1268 926 fibi
1303 894 1410 926 vera
1448 893 1558 942 quae
1592 877 1702 925 fidei
1727 893 1784 924 ex
1822 879 2184 937 Doctrinalibus,
2220 883 2272 930 δε

267 964 455 1015 quoque
481 947 584 996 inde
609 961 874 1010 comparare
915 945 1081 1007 debet,
1102 944 1218 1010 quia
1254 945 1464 993 nondum
1491 944 1567 992 tali
1583 943 1789 1008 judicio-
1805 945 1971 1009 pollet,
2012 960 2059 994 ut
2082 947 2177 1010 ipse
2202 950 2273 995 vi·

267 1021 374 1064 dere
401 1017 475 1063 illa
499 1030 560 1062 ex.
583 1012 743 1074 Verbo
779 1026 936 1078 queat,
978 1011 1054 1059 sed
1081 1025 1187 1060 tunc
1223 1028 1325 1060 vera
1362 1012 1441 1060 illa
1475 1028 1568 1059 non
1594 1011 1718 1058 aliud
1744 1011 1785 1057 ei
1809 1014 1910 1060 sunt
1932 1030 2074 1077 quam
2098 1015 2274 1063 scienti-

267 1085 352 1133 fica
377 1104 391 1137 ς
426 1095 470 1128 at
493 1097 603 1129 cum
627 1097 686 1141 ex
720 1080 899 1128 suomet
915 1077 1097 1142 judicio
1130 1079 1297 1127 intueri
1323 1079 1397 1126 illa
1421 1078 1586 1142 potest,
1623 1077 1655 1124 s1
1681 1091 1790 1125 tunc
1825 1095 1917 1126 non
1940 1080 2132 1128 consulit
2156 1083 2270 1130 Ver·

269 1151 382 1201 bum
409 1150 498 1197 fine
524 1162 575 1195 ut
598 1149 706 1195 inde
746 1148 901 1207 videat
937 1162 1048 1192 num
1086 1161 1190 1192 vera
1214 1147 1336 1200 fint3
1373 1143 1562 1193 manent
1595 1144 1721 1209 apud
1757 1144 1893 1194 illum
1916 1158 1968 1194 ut
1992 1147 2270 1205 scientifica3

268 1230 314 1264 at
337 1217 368 1264 si
396 1231 504 1263 tunc
543 1214 737 1261 consulit
773 1213 982 1259 Verbum
1022 1228 1081 1258 ex
1119 1211 1360 1259 affectione
1386 1214 1434 1259 δε
1460 1213 1550 1259 fine
1575 1211 1739 1258 sciendi
1775 1226 1895 1268 vera,
1932 1215 1983 1261 δε
2006 1230 2110 1262 curn
2137 1215 2270 1263 inve-

266 1285 383 1331 nerit
410 1284 502 1338 illa,
540 1295 649 1329 tunc
673 1293 909 1344 comparat
931 1278 1014 1327 fibi
1042 1278 1116 1325 illa
1138 1295 1246 1342 quae
1270 1278 1378 1325 fidei
1406 1278 1507 1327 sunt
1533 1294 1590 1325 ex
1612 1277 1819 1340 genuino
1857 1279 2005 1337 fonte,
2040 1282 2092 1329 ὅτ
2114 1295 2221 1330 ωηο
2243 1300 2271 1332 a

267 1350 447 1398 Divino
467 1349 512 1395 ei
537 1347 928 1412 appropriantur·
966 1346 1082 1400 haec,
1117 1344 1359 1392 &similia
1383 1344 1504 1402 sunt,
1541 1345 1598 1391 de
1639 1345 1807 1406 quibus
1845 1346 1891 1393 in
1925 1346 2048 1395 sensu
2090 1349 2270 1398 interno

265 1417 341 1466 hic
363 1415 532 1479 agitur,
569 1414 808 1476 AEgyptus
841 1382 969 1468 enffii
1005 1410 1106 1458 sunt
1143 1409 1218 1459 illa
1255 1410 1517 1468 scientifica,
1553 1410 1782 1475 Josephus
1806 1411 1871 1459 est
1894 1429 2061 1462 verum
2082 1431 2108 1462 a
2131 1416 2270 1464 Divi-

264 1499 343 1542 no,
377 1484 440 1530 ita
472 1482 648 1528 Verum
682 1496 707 1528 e
730 1479 897 1527 Verbo.
1742 1494 1744 1496 ’

334 1565 481 1611 5403.
520 1546 586 1596 Et
621 1546 740 1594 dixit
774 1547 925 1612 jacob
948 1547 1055 1595 filiis
1079 1546 1183 1604 suis,
1219 1545 1345 1611 quod
1371 1546 1594 1608 significet
1628 1548 1974 1610 perceptionem
1998 1550 2057 1598 de
2081 1552 2197 1600 veris
2217 1556 2267 1603 in

262 1615 520 1672 communi,
555 1613 730 1661 constat
752 1630 812 1661 ex
848 1607 1181 1678 significatione
1219 1616 1366 1662 dicere
1404 1613 1448 1660 in
1484 1612 1705 1661 historicis
1739 1615 1900 1673 Verbi,
1935 1619 2063 1681 quod
2089 1620 2142 1668 fit
2166 1637 2268 1685 per-

262 1685 436 1748 ceptio,
468 1682 527 1730 de
549 1698 642 1747 qua
665 1696 902 1744 n:179r.
930 1686 1070 1742 1815.
1099 1684 1240 1742 1819.
1268 1682 1916 1745 1822.1898.1919.2080.
1941 1686 2087 1748 2619.
2112 1688 2259 1738 2862.

261 1756 411 1816 3509.
445 1766 468 1813 3
479 1764 610 1813 395³
645 1748 696 1796 ὅτ
721 1763 744 1795 a
767 1747 1096 1810 significatione
1135 1748 1356 1804 filiorum,
1391 1750 1516 1810 quod
1552 1747 1638 1795 fint
1663 1763 1769 1794 vera
1793 1756 1900 1811 quae
1925 1751 2053 1807 fidei,
2091 1753 2148 1800 de
2171 1771 2261 1818 qua

261 1833 318 1864 n:
343 1821 456 1881 489.
483 1832 599 1881 49¹·
628 1832 741 1879 533.
775 1830 916 1880 ¹¹47·
944 1817 1092 1877 2623.
1121 1828 1267 1878 3373.
1292 1828 1461 1875 42573
1497 1813 1547 1860 δε
1588 1813 1696 1878 quia
1733 1813 1915 1864 fuerunt
1954 1818 2036 1866 filii
2076 1821 2261 1883 Jacobi,

261 1883 578 1945 significantur
614 1897 720 1928 vera
743 1881 789 1947 in
804 1881 1072 1938 communi,
1108 1898 1215 1928 nam
1252 1897 1335 1945 per
1372 1880 1624 1928 duodecim
1658 1881 1778 1928 filios
1815 1884 1995 1945 Jacobi,
2032 1887 2144 1934 ficut
2181 1905 2264 1952 per

265 1950 516 1997 duodecim
543 1948 700 2006 tribuS,
735 1948 986 2011 significata
1006 1948 1112 2003 sunt
1134 1948 1292 1996 omnia
1316 1947 1444 2003 fidei,
1462 1971 1465 1974 ⁴
1481 1948 1543 1995 ita
1567 1963 1674 1996 vera
1691 1949 1738 1995 in
1756 1953 2016 2010 communi,
2052 1954 2263 2006 videatur

266 2032 330 2065 n:
359 2032 504 2079 2129.
527 2032 672 2079 2130.
693 2016 1000 2079 3858.3862.
1026 2015 1171 2078 3926.
1193 2032 1339 2079 3939.
1365 2014 1514 2075 4060.
1895 2020 1898 2025 ’

329 2100 476 2145 5404.
514 2083 671 2142 Qare
702 2081 902 2146 aspicitis
935 2096 1037 2141 vos,
1071 2082 1199 2146 quod
1221 2081 1452 2146 significet
1485 2097 1568 2130 cur
1603 2081 1846 2142 haererent,
1883 2085 2085 2134 constare
2109 2087 2257 2152 potest

258 2147 428 2215 absque
461 2149 779 2212 explicatione.
980 2190 985 2194 .
1629 2172 1632 2175 -

329 2232 476 2279 5405.
514 2216 580 2265 Et
618 2216 755 2272 dixit,
791 2230 894 2263 ecce
932 2214 1108 2272 audivi,
1145 2214 1270 2281 quod
1294 2215 1350 2263 fit
1370 2230 1553 2264 annona
1585 2217 1632 2264 in
1657 2217 1887 2280 AEgypto‚
1924 2220 2054 2282 quod
2081 2221 2253 2284 signifi-

256 2296 330 2333 cet
351 2284 478 2348 quod
494 2285 758 2347 comparari
797 2295 970 2348 queant
991 2298 1097 2330 vera
1121 2299 1202 2346 per
1226 2283 1485 2339 scientifica,
1520 2283 1723 2332 constare
1749 2283 1898 2347 potest
1922 2288 1979 2332 ab
2005 2287 2109 2344 illis,
2147 2307 2253 2353 (μω

259 2365 371 2399 mox
405 2350 535 2414 supra
558 2367 617 2398 n:
645 2366 798 2411 5402,
833 2349 1055 2414 explicata
1078 2349 1198 2414 sunt,
1234 2350 1314 2398 ubi
1338 2366 1418 2414 per
1442 2350 1567 2414 quod
1593 2350 1699 2400 effet
1736 2367 1915 2398 annona
1948 2352 1992 2399 in
2016 2355 2249 2420 AEgypto‚

257 2416 536 2478 significatur
557 2416 739 2465 anImus
756 2417 1051 2480 comparandi
1068 2417 1149 2465 fibi
1170 2433 1275 2463 vera
1299 2433 1381 2481 per
1407 2416 1662 2473 scientifica,
1698 2433 1808 2481 quae
1830 2418 2066 2482 AEgyptus
2089 2436 2110 2475 3·
2140 2417 2250 2486 quid

257 2499 341 2548 per
364 2482 617 2541 scientifica,
651 2500 758 2548 quae
782 2482 1034 2546 AEgyptus,
1082 2483 1370 2546 intelligitur,
1408 2484 1471 2530 ibi
1495 2483 1634 2531 etiam
1658 2485 1881 2531 videatur.
1957 2489 2155 2534 Annona
2179 2490 2252 2537 hic

253 2551 300 2598 in
326 2549 512 2614 Lingua
536 2550 763 2612 Originali
797 2551 1078 2612 exprimitur
1111 2565 1192 2612 per
1213 2565 1378 2597 vocem
1403 2565 1510 2612 quae
1534 2550 1758 2611 significat
1771 2551 2050 2611 frastionem,
2089 2570 2169 2617 per
2195 2556 2248 2601 si-

258 2617 418 2665 milem
442 2632 607 2664 vocem
629 2617 769 2665 etiam
802 2632 936 2664 emere
958 2617 1008 2664 δε
1046 2615 1243 2672 vendere,
1281 2615 1357 2663 ubi
1382 2616 1567 2670 dicitur,
1603 2616 1725 2677 quod
1754 2617 1836 2663 filii
1861 2617 2021 2676 Jacobi
2049 2637 2251 2671 emerent

254 2684 368 2732 illud
402 2683 447 2730 in
474 2682 709 2746 AEgypto,
744 2684 795 2731 &
827 2682 954 2747 quod
997 2682 1060 2731 ibi
1098 2683 1327 2746 Josephus
1362 2682 1577 2728 venderet
1601 2683 1737 2739 illud,
1775 2683 1900 2730 causa
1937 2686 2019 2741 est,
2057 2690 2164 2750 quia
2199 2692 2246 2738 in

253 2749 465 2813 Antiqua
506 2747 705 2796 Ecclesia
728 2747 1017 2812 frangebatur
1041 2751 1168 2813 panis
1191 2766 1302 2796 curn
1326 2749 1509 2796 daretur
1532 2749 1673 2803 alteri,
1711 2751 1759 2799 &
1794 2765 1875 2812 per
1899 2751 1944 2797 id
1971 2752 2250 2813 significaba-

251 2830 328 2865 tur
361 2818 699 2863 communicare
721 2830 780 2862 ex
804 2815 902 2871 suo,
940 2818 990 2864 &
1013 2817 1302 2880 appropriare
1327 2816 1520 2870 bonurn,
1556 2832 1615 2862 ex
1632 2815 1735 2870 suo,
1772 2832 1820 2862 ac
1847 2817 1907 2862 ita
1943 2834 2157 2867 mutuum
2185 2823 2250 2869 fa·

251 2899 349 2933 cere
368 2899 576 2934 ‚amorem
600 2903 614 2937 3
647 2897 759 2928 curn
783 2880 908 2928 enirn
928 2880 1148 2945 frangitur
1167 2881 1312 2947 panis,
1348 2883 1399 2929 ὅτ
1422 2882 1557 2929 datur
1580 2883 1721 2937 alteri,
1749 2895 1858 2929 tunc
1876 2889 2244 2936 communicatur

251 2966 311 2998 ex
351 2950 464 3004 su03
500 2963 575 2998 aut
597 2964 704 2997 cum
732 2947 847 2995 inter
881 2946 1028 3011 plures
1067 2947 1288 3010 frangitur
1322 2948 1466 3010 panis,
1504 2961 1612 2994 tunc
1647 2964 1762 2995 unus
1799 2951 1926 3012 panis
1960 2951 2013 2997 fit
2039 2967 2242 3013 mutuus,

254 3016 574 3081 consequenter
597 3013 859 3078 conjunctio
879 3030 957 3077 per
977 3013 1242 3061 charitatem
1263 3035 1278 3068 ;
1314 3014 1419 3060 inde
1444 3026 1588 3078 patet,
1624 3015 1752 3078 qucd
1775 3014 1935 3062 fraclio
1962 3021 2087 3079 panis
2111 3020 2246 3071 fuerit

255 3082 610 3143 significativum
635 3081 783 3129 mutui
809 3081 977 3129 amoris
1000 3098 1011 3128 z
1050 3080 1162 3128 ritus
1186 3080 1259 3128 ille
1281 3080 1391 3144 quia
1416 3096 1618 3143 receptus
1644 3081 1748 3133 fuit,
1786 3083 1835 3128 δε
1862 3082 2053 3132 solennis
2081 3086 2124 3132 in
2152 3088 2244 3135 Ec-

252 3149 380 3196 clefia
402 3151 630 3213 Antiqua,
665 3146 770 3195 ideo
794 3163 984 3212 quoque
1010 3164 1090 3213 per
1107 3146 1249 3211 ipsam
1274 3145 1545 3195 fradtionem
1573 3148 1910 3210 intelligebatur
1929 3165 2107 3198 annona
2133 3171 2240 3217 quae

250 3216 506 3265 communis
524 3217 697 3275 fiebat3
730 3215 856 3278 quod
877 3214 1004 3280 panis
1020 3215 1074 3268 fit
1093 3214 1272 3329 bonu&
1290 3214 1475 3274 amoriS,
1497 3214 1705 3265 videatur
1732 3232 1760 3264 n
1782 3232 1794 3263 :
1822 3217 1931 3279 276.
1955 3217 2064 3267 680.
2095 3237 2110 3264 1
2127 3226 2236 3282 798.

2091 3287 2186 3334 216
2206 3305 2235 3334 ’.
