2626 3666
361 241 677 318 cAPu't
697 228 1555 327 QUADRAGFSIMUM
1573 229 2304 340 SECUNDUM51⁶213

307 380 524 435 ¹videatur
543 375 749 440 supra-n:
774 366 908 440 5434
925 373 982 423 ad
1001 374 1148 438 5456.
1184 373 1308 424 Cum
1326 374 1414 423 hoc
1431 375 1495 424 ita
1512 375 1556 423 se
1574 373 1745 431 habet,
1730 396 1742 407 ·
1780 375 1861 440 qui
1881 374 1928 423 in
1946 376 2065 424 veris
2089 376 2306 426 Ecclefiae

317 447 463 496 modo
479 443 580 493 sunt
595 453 782 520 propter
805 444 1001 500 lucrum,
1038 443 1104 490 illi
1129 457 1265 507 aeque
1284 458 1337 490 ac
1360 442 1436 490 alii
1459 443 1648 507 poffunt
1669 444 1980 507 pronuntiare,
2004 445 2243 509 quomodo
2261 445 2307 492 se

314 512 450 561 habet
471 526 576 558 cum
602 511 735 567 veris,
771 522 841 564 ut,
876 525 962 574 pro
984 509 1221 574 exemp10,
1255 509 1382 575 quod
1405 525 1511 559 vera
1534 526 1626 558 non
1650 512 2004 585 approprientur
2031 509 2186 568 alicui,
2223 511 2309 561 nisi

309 576 550 642 conjuncta
573 577 661 625 sint
677 593 782 626 cum
800 578 1003 634 interiori
1028 577 1236 635 homine,
1273 578 1372 625 imo
1387 577 1513 641 quod
1530 578 1570 625 ei
1589 593 1680 625 non
1699 576 1916 640 conjungi
1934 590 2105 642 queant
2129 578 2208 625 nifi
2229 594 2311 641 per

311 645 506 701 bonum,
543 656 645 692 tum
669 644 799 710 quod
819 659 912 692 non
936 645 1062 709 prius
1080 643 1134 691 sit
1151 644 1247 693 vita
1269 645 1420 698 veris;
1456 643 1556 692 haec
1580 645 1631 693 &
1654 644 1818 692 fimilia
1851 645 2131 710 quandoque
2148 645 2311 693 vident

311 711 382 759 illi
404 726 622 777 peraeque
646 727 696 759 ac
713 711 808 769 alii,
845 711 896 759 δε
917 711 1196 776 quandoque
1218 711 1275 758 ad
1293 711 1614 779 apparentiam
1634 709 1897 777 perspicius,
1935 710 2011 759 sed
2037 712 2180 759 modo
2198 723 2312 759 tunc

309 779 502 844 quando
520 779 576 825 de
596 779 683 826 illis
699 794 809 827 cum
827 777 925 826 aliis
942 777 1229 842 loquuntur3
1262 778 1450 841 quando
1464 788 1621 826 autem
1637 775 1894 842 loquuntur
1915 777 2087 851 secum,
2123 778 2183 824 ita
2202 794 2323 826 cum*

313 845 517 894 interiori
548 844 629 893 suo
653 845 860 901 homine,
900 844 991 893 hoc
1013 844 1093 901 est,
1129 860 1240 893 cum
1264 845 1489 907 cogitant,
1525 857 1635 893 tunc
1657 845 1726 892 illi
1749 847 1831 909 qui
1869 844 1916 891 in
1946 845 2065 892 veris
2089 844 2309 894 Ecclesiae

311 912 417 962 sunt
441 913 586 963 modo
609 925 799 976 propter
820 912 1019 970 lucrum,
1056 911 1219 960 vident
1239 913 1465 960 contraria
1485 933 1499 967 3
1535 913 1586 961 &
1606 913 1783 960 tametsi
1799 911 1963 959 vident
1983 912 2223 969 contraria,
2260 913 2312 961 δε

310 979 447 1027 corde
465 995 566 1027 vera
585 991 767 1043 negant,
801 979 942 1043 usque
966 977 1233 1042 persuadere
1255 979 1438 1043 poffunt
1461 978 1577 1036 aliis,
1612 979 1741 1043 quod
1766 979 1829 1028 ita
1854 978 1895 1026 se
1912 994 1980 1026 res
2000 978 2175 1036 habeat,
2213 979 2313 1027 imo

312 1047 438 1110 quod
462 1045 549 1109 ips1
571 1046 757 1094 taliter
744 1063 794 1094 ιη
824 1046 942 1093 veris
980 1044 1098 1100 fint;
1134 1046 1360 1109 cupiditas
1395 1046 1524 1103 lucri,
1561 1045 1746 1094 honoris
1771 1046 1822 1096 &
1843 1047 1984 1093 tamae
2007 1057 2193 1111 propter
2216 1046 2314 1102 illa.

313 1112 465 1161 haurit
486 1114 644 1160 omnia
666 1112 818 1160 media
846 1112 1157 1176 persuadendi,
1192 1114 1244 1161 ὅτ
1271 1112 1387 1161 nihil
1411 1114 1639 1161 lubentius
1662 1128 1802 1188 quam
1826 1112 1933 1161 talia
1957 1129 2064 1177 quae
2084 1114 2127 1160 in
2147 1112 2188 1160 se
2208 1129 2314 1161 vera

312 1181 437 1236 sunt,
474 1181 574 1228 haec
603 1181 731 1228 enim
754 1179 1101 1227 absc0nditam
1092 1195 1137 1226 1n
1163 1179 1205 1227 se
1228 1179 1327 1228 vim
1352 1180 1608 1228 attrahendi
1634 1182 1814 1228 animos
1838 1179 2036 1228 habent:
2074 1179 2151 1227 tali
2178 1179 2317 1227 facul-

313 1261 425 1304 tate,
465 1262 632 1311 nempe
657 1245 872 1294 facultate
907 1235 1194 1310 intelligendi
1229 1262 1342 1296 num
1373 1262 1479 1294 vera
1513 1247 1616 1303 sint,
1651 1247 1871 1311 praeditus
1900 1245 1965 1293 est
1997 1246 2160 1304 homo,
2198 1262 2314 1311 qua-

314 1314 550 1378 liscunque
574 1313 647 1371 sit,
683 1313 826 1362 modo
850 1327 941 1360 non
961 1311 1084 1361 fatue
1102 1312 1328 1376 stupidus,
1363 1327 1422 1361 ex
1439 1313 1571 1361 causa
1592 1325 1644 1360 ut
1662 1325 1742 1377 per
1759 1312 2112 1360 intelleRualem
2133 1325 2314 1375 partem

313 1382 452 1446 poffit
472 1379 710 1429 reformari
733 1382 785 1429 &
803 1379 1084 1443 regenerari;
1119 1378 1195 1427 sed
1218 1395 1327 1427 cum
1353 1379 1397 1426 in
1425 1379 1631 1439 perversa
1653 1379 1814 1436 abivit,
1850 1380 1901 1428 ὅτ
1918 1378 2095 1443 prorsus
2112 1380 2187 1427 illa
2205 1394 2314 1443 quae

314 1448 423 1496 fidei
449 1446 666 1495 Ecclefiae
684 1445 784 1494 sunt
803 1444 975 1510 rejecit,
1001 1456 1110 1494 tunc
1127 1445 1320 1510 quidem
1347 1445 1390 1492 in
1416 1445 1554 1493 simili
1573 1445 1781 1496 facultate
1801 1445 2083 1509 intelligendi
2105 1461 2212 1493 vera
2229 1446 2314 1505 est,

315 1514 393 1562 sed
418 1530 510 1561 non
534 1513 734 1577 amplius
756 1511 855 1560 vult
878 1511 1133 1574 intelligere
1158 1511 1248 1570 illa,
1285 1511 1514 1560 aversatur
1535 1512 1611 1560 illa
1634 1513 1692 1561 ad
1718 1513 1918 1587 primam
1943 1512 2238 1560 auditionem.

383 1580 532 1642 5465.
571 1579 635 1627 Et
659 1595 751 1628 non
775 1578 1058 1656 moriamini,
1095 1578 1223 1644 quod
1247 1578 1473 1643 fignificet
1495 1579 1624 1644 quod
1650 1581 1708 1627 fic
1730 1579 1846 1626 veris
1869 1579 1984 1655 vita,
2020 1593 2188 1642 nempe
2205 1595 2317 1629 cum

312 1661 422 1695 vera
444 1660 576 1695 erunt
599 1646 708 1696 ficut
725 1646 1092 1721 pronuntiatum,
1127 1645 1302 1694 constat
1325 1661 1384 1694 ex
1401 1647 1733 1708 significatione
1755 1662 1846 1694 non
1867 1645 2151 1703 moriamini,
2186 1646 2315 1711 quod

264 1738 268 1740 >
316 1715 373 1766 fit
389 1714 518 1780 quod
543 1712 727 1769 vivatis,
763 1713 825 1761 ita
846 1712 977 1776 quod
1001 1713 1098 1760 vita
1121 1713 1258 1770 veris,
1296 1729 1406 1778 quae
1429 1730 1510 1778 per
1535 1713 1632 1761 illos
1658 1713 2046 1778 repraesentantur

317 1791 322 1793 ⁴
387 1781 532 1843 5466.
572 1780 636 1829 Et
658 1780 893 1828 fecerunt
881 1793 960 1836 ita,
997 1779 1124 1845 quod
1150 1779 1376 1842 fignificet
1402 1781 1543 1828 finem
1565 1779 1698 1854 hujus
1723 1781 1876 1836 status,
1912 1779 2086 1827 constat
2102 1795 2160 1827 ex
2177 1780 2318 1842 figni-

315 1850 527 1900 ficatione
563 1847 727 1904 facere,
763 1846 837 1895 seu
872 1845 1069 1903 fac'tum,
1105 1847 1232 1911 quod
1272 1846 1324 1894 sit
1357 1848 1461 1895 finis
1484 1847 1647 1911 prioris
1672 1846 1827 1905 status,
1865 1846 1915 1895 δε
1943 1846 2069 1909 quod
2107 1847 2319 1896 involvat

315 1915 600 1981 principium
626 1914 871 1979 sequentis,
908 1914 967 1961 de
984 1930 1075 1979 qua
1102 1930 1164 1960 n:
1192 1930 1255 1976 49
1264 1928 1340 1980 79.
1362 1917 1510 1977 4987.
1534 1929 1680 1980 4999.
1708 1931 1854 1978 5074.
1929 1914 2053 1962 Haec
2077 1913 2215 1961 fusius
2241 1929 2318 1961 ex-

315 1982 484 2047 plicare
505 1981 570 2029 su
563 1982 838 2043 percedetur,
873 1981 1012 2030 etiam
1035 1997 1092 2029 ex
1109 1979 1238 2028 causa
1262 1982 1287 2026 d
1294 1998 1318 2030 e
1341 1997 1435 2046 qua
1460 1980 1590 2045 supra
1615 1997 1674 2028 n:
1701 1997 1864 2043 5454:
1903 1979 2133 2028 sciendum
2154 1980 2316 2043 usque,

316 2049 445 2113 quod
472 2037 722 2096 ineffabilia
762 2063 918 2096 arcana
949 2047 995 2096 in
1021 2048 1064 2098 se
1086 2048 1373 2105 contineant,
1411 2064 1520 2112 quae
1542 2064 1599 2096 ex
1621 2048 1811 2109 singulis
1836 2047 1985 2094 verbis
2019 2047 2279 2110 effulgent
2268 2064 2319 2095 m

279 2146 282 2149 -
314 2115 468 2174 coelis,
493 2116 669 2164 tametsi
688 2130 744 2162 ne
762 2114 913 2163 hilum
936 2131 1098 2164 eorum
1121 2130 1275 2162 coram
1300 2115 1487 2163 homine
1506 2128 1754 2178 appareat,
1779 2113 2004 2170 sanetum,
2029 2115 2154 2179 quod
2171 2131 2319 2179 quan-

280 2215 281 2218 =
313 2182 477 2249 doque
489 2181 796 2247 appercipitur
813 2183 937 2247 apud
956 2182 1215 2236 hominem,
1239 2196 1348 2228 cum
1368 2180 1483 2243 legit
1501 2181 1728 2237 Verbum,
1766 2181 1870 2228 talia
1888 2197 2041 2229 arcana
2063 2197 2107 2227 m
2127 2180 2169 2228 se
2185 2181 2318 2245 plura.

315 2249 474 2306 habet,
512 2265 619 2298 nam
643 2251 690 2297 in
716 2249 885 2307 sancto,
920 2264 1017 2314 quo
1040 2249 1238 2298 afficitur
1271 2247 1434 2306 home,
1473 2249 1615 2299 latent
1652 2247 1912 2298 abscondita
1952 2248 2319 2306 innumerabilia,

311 2330 426 2382 quae
447 2333 602 2365 coram
629 2317 730 2381 ipso
754 2332 845 2365 non
869 2327 1045 2382 patent.

389 2385 534 2446 5467.
571 2384 710 2431 Vers:
739 2398 817 2432 21.
840 2399 915 2432 22.
942 2399 1019 2448 23.
1044 2399 1123 2442 24.
1182 2385 1248 2432 Et
1269 2382 1468 2433 dixerunt
1483 2386 1562 2434 vir
1582 2381 1644 2432 ad
1653 2384 1850 2448 fratrem
1863 2383 2006 2461 ficum,
2036 2383 2229 2446 profeHo
2252 2384 2318 2430 rei

306 2449 459 2514 fiamus
481 2467 555 2498 nos
566 2453 698 2516 super
709 2452 904 2516 fratrem
939 2451 1141 2511 nostrum,
1175 2452 1295 2512 cujus
1318 2452 1503 2500 vidimus
1534 2451 1770 2514 angustiam
1805 2453 1958 2498 animae
1981 2452 2026 2496 in
2059 2449 2199 2511 depre
2194 2449 2318 2496 ando

318 2517 394 2564 illo
415 2516 475 2564 ad
493 2533 582 2574 nos,
619 2517 676 2568 ἑά
699 2533 780 2564 non
795 2517 1059 2573 audivimus,
1089 2528 1318 2582 propterea
1335 2520 1454 2566 venit
1472 2518 1532 2564 ad
1545 2535 1616 2565 nos
1635 2518 1829 2581 angustia
1847 2519 1949 2564 hoec.
2021 2517 2083 2563 Et
2107 2514 2316 2578 respondit

320 2585 478 2633 Ruben
499 2584 601 2639 illis
638 2583 822 2641 dicendo,
857 2600 986 2632 nonne
1008 2584 1100 2631 dixi
1120 2585 1180 2630 ad
1196 2601 1273 2632 vos
1294 2584 1477 2636 dicendo
1516 2600 1566 2632 ne
1573 2595 1754 2646 peccetis
1778 2587 1822 2630 in
1852 2593 2016 2638 natum,
2055 2582 2109 2631 {9⁵
2133 2598 2214 2629 non
2236 2599 2316 2629 au-

310 2650 448 2714 scult
446 2650 609 2716 vistis,
646 2651 701 2700 δέ’
725 2661 853 2699 etiam
865 2652 1044 2715 fiznguis
1076 2652 1168 2714 ejus
1192 2667 1283 2699 ecce
1314 2653 1567 2714 inquiritur.
1639 2651 1703 2697 Et
1731 2650 1796 2697 'illi
1831 2666 1910 2697 non
1930 2649 2168 2712 sciverunt,
2207 2647 2317 2711 quod

319 2716 493 2766 audiens
511 2718 704 2779 Joseph,
707 2714 818 2780 quia
841 2720 1049 2780 interpres
1065 2719 1176 2765 inter
1192 2718 1300 2765 illos.
1372 2719 1437 2765 Et
1458 2717 1684 2779 conversus
1701 2718 1864 2779 asttper
1886 2716 1986 2771 illis,
2023 2715 2229 2777 &flevit‚
2257 2715 2313 2764 ὅ

320 2783 452 2832 rediit
474 2782 535 2830 ad
554 2783 661 2839 illos,
697 2783 754 2832 ὅ
777 2784 973 2847 loquutus
996 2785 1055 2832 ad
1082 2785 1209 2834 illos:
1245 2783 1301 2833 ὃ
1332 2786 1494 2846 accepit
1523 2799 1574 2831 ex
1605 2784 1687 2830 illis
1718 2785 2010 2834 Schimeonem.‚
2051 2783 2105 2830 ἑά
2127 2783 2314 2829 vincivit

319 2851 440 2899 illum
465 2849 524 2897 acl
542 2850 680 2896 oculos
709 2850 891 2897 illorum.
963 2851 1025 2898 Et
1048 2852 1262 2899 dixerunt
1290 2852 1360 2897 vir
1382 2852 1437 2899 ad
1471 2849 1653 2896 fratrem
1690 2850 1841 2907 suum,
1878 2850 2101 2910 significa
2126 2864 2313 2911 percep-

319 2917 496 2966 tionem
515 2917 572 2962 de
589 2916 747 2963 causa:
775 2915 981 2979 proiecto
998 2918 1058 2964 rei
1080 2916 1230 2965 simus
1251 2934 1330 2964 nos
1350 2918 1479 2980 super
1497 2920 1676 2965 fratrem
1697 2887 1944 2972 nostrum,D
1944 2916 2166 2978 fignificat
2183 2914 2313 2975 quod

318 2985 367 3032 in
392 2983 524 3046 culpa
549 2984 634 3030 sint
656 2984 762 3047 quia
786 2983 1148 3030 abalienaverunt
1184 2999 1411 3030 murnum
1438 2999 1519 3046 per
1543 2999 1632 3029 non
1667 2984 1971 3047 receptionem
1978 2955 2150 3028 t’bonit
2186 2979 2310 3045 cujus

320 3051 524 3097 vidimus
547 3051 802 3113 angustiam
822 3051 1010 3103 animae,
1034 3050 1257 3110 fignificat
1274 3049 1471 3096 statum
1461 3050 1625 3096 mterni
1650 3051 1694 3097 in
1712 3050 1835 3096 bono
1852 3065 1959 3096 cum
1979 3049 2310 3095 abalienatum.

304 3115 369 3163 'in
394 3118 679 3180 deprecando
700 3117 779 3165 illo
797 3117 851 3163 ad
876 3133 972 3172 nos,
1009 3117 1059 3163 δε
1077 3133 1166 3163 non
1187 3116 1468 3171 audivimus,
1504 3115 1728 3177 fignificat
1745 3115 1838 3179 ejus
1856 3132 1909 3162 cr
1914 3117 2119 3162 minuam
2147 3113 2311 3160 iollici

321 3183 540 3231 tationem
567 3183 733 3247 absque
759 3186 1044 3248 receptione:
1083 3185 1132 3231 &
1157 3183 1388 3247 respondit
1412 3183 1598 3238 Ruben,
1634 3183 1855 3244 fignificat
1884 3182 2023 3246 usque
2058 3182 2313 3245 perceptio-

321 3253 432 3296 nem
454 3263 511 3300 ex
526 3250 624 3302 fide
646 3250 856 3301 doitrina
872 3252 921 3300 &
941 3248 1210 3301 intelleetu:
1246 3264 1399 3298 nonne
1417 3249 1514 3298 dixi
1539 3250 1597 3299 ad
1617 3265 1698 3298 vos
1716 3248 1931 3341 dicende,
1968 3248 2188 3311 fignificat
2215 3262 2314 3308 per-

1308 3317 1384 3378 Q
1396 3330 1418 3366 2
1766 3344 1772 3347 -
2093 3311 2315 3381 ceptionis
