2626 3666
265 223 589 353 CAleT
613 218 1477 316 *QUADRAGESIMUM
1499 222 2058 297 SECUNDUM.
2101 250 2221 318 113
2293 221 2297 223 ’

228 363 354 417 'unt3
389 360 489 408 haec
511 356 656 420 gloria
678 355 791 403 coeli
814 370 920 402 cum
944 352 1168 417 spectatur
1201 370 1228 402 a
1252 355 1354 402 luce
1378 353 1567 402 naturali
1592 353 1763 419 absque
1788 355 1964 415 medio,
2000 358 2050 406 δε
2075 361 2223 423 magis

228 429 267 476 fi
302 442 391 476 non
430 420 843 485 correspondentia,
880 423 1136 469 nullatenus
1176 422 1454 486 agnoscitur.
1525 421 1597 469 Sit
1637 438 1827 488 quoque
1866 439 1954 487 pro
1990 429 2224 489 exemplo,

226 492 432 559 potentia
452 491 696 554 angelica;
730 489 813 554 qui
849 504 874 535 e
898 489 997 537 luce
1020 489 1210 537 naturali
1244 505 1269 536 a
1294 489 1391 537 luoe
1414 487 1521 536 coeli
1561 504 1651 537 non
1690 489 1965 547 illuminata,
1998 493 2106 556 quia
2129 494 2228 541 abs-

228 557 523 625 que‘medio,
555 557 607 605 &
631 559 778 618 magis
811 556 847 604 fi
871 570 962 604 non
985 556 1402 620 correspondentia,
1442 557 1651 618 cogitant
1689 557 1747 603 de
1771 559 1980 621 potentia
2003 560 2225 623 angelica,

225 626 499 689 cumprimis
536 624 594 672 de
616 621 1019 686 archangelorum,
1054 638 1260 686 quorum
1286 624 1462 671 mentio
1485 624 1541 670 fit
1565 626 1609 670 in
1635 623 1809 680 Verbo,
1846 641 1939 672 non
1964 627 2101 674 aliam
2127 628 2226 676 ide·

225 709 305 741 am
328 692 385 740 de
408 708 462 740 ea
484 691 654 739 habere
675 690 874 753 possunt,
908 706 1051 754 quam
1077 690 1189 738 ficut
1209 690 1267 738 de
1289 690 1492 754 potentia
1516 691 1774 753 potentiam
1799 692 1846 737 in
1873 693 2070 750 mundo,
2092 695 2223 759 quod

222 774 396 823 nempe
422 759 634 807 millenas
656 759 708 805 &
732 757 944 805 millenos
968 756 1164 805 habeant
1186 757 1242 805 se
1277 757 1495 814 minores,
1531 758 1698 821 quibus
1733 758 1978 821 imperent,
2019 761 2070 807 &
2093 762 2226 825 quod

220 826 498 874 eminentiae
534 826 580 873 in
618 824 743 871 coelo
782 823 830 871 in
870 823 945 870 tali
969 824 1169 887 imperio
1211 823 1485 879 confistant;
1536 837 1586 871 at
1617 839 1726 872 cum
1760 825 1849 871 illis
1873 826 2058 882 dicitur,
2093 828 2224 892 quod

225 893 422 955 quidem
449 891 658 957 potentia
678 889 888 954 angelica
909 891 1099 938 excedat
1120 907 1315 940 omnem
1356 890 1612 956 potentiam
1649 892 1912 955 potentium
1951 893 1997 940 in
2022 896 2222 952 mundo,

223 960 279 1008 ὅτ
303 959 431 1024 quod
456 972 579 1007 tanta
599 958 674 1014 fit,
708 971 762 1005 ut
785 972 903 1004 unus
937 957 1055 1005 inter
1079 958 1278 1007 minores
1316 958 1505 1021 angelos
1531 958 1758 1021 myriades
1799 958 2091 1008 infernaiium
2125 963 2225 1009 abi—

221 1041 348 1090 gere,
384 1041 437 1074 ae
459 1027 506 1074 in
531 1023 705 1073 inferna
729 1025 805 1072 sua
828 1024 1069 1072 detrudere
1093 1039 1250 1090 queat,
1285 1026 1336 1074 δε
1357 1027 1487 1091 quod
1520 1026 1626 1072 inde
1651 1041 1842 1091 quoque
1879 1027 1927 1073 in
1951 1029 2111 1076 Verbo
2132 1030 2223 1077 Po-

224 1093 402 1150 tentiae,
428 1106 489 1150 m
512 1094 564 1142 δε
586 1091 890 1149 Dominatu8‚
927 1092 1166 1147 dicantur;
1202 1083 1441 1157 fedusque
1466 1092 1685 1141 minimus
1708 1107 1867 1140 eorum
1892 1096 2122 1146 maximus
2141 1096 2223 1153 est,

222 1159 313 1208 hoc
335 1160 419 1218 est,
443 1160 535 1224 qui
569 1174 711 1207 omne
737 1159 962 1223 potentiae
983 1174 1009 1207 a
1031 1159 1261 1217 Domino,
1298 1161 1351 1207 δε
1386 1158 1501 1207 nihil
1535 1175 1594 1206 ex
1630 1159 1671 1206 se
1694 1159 1856 1216 credit,
1891 1160 2010 1217 vult,
2046 1163 2098 1210 δε
2122 1179 2223 1226 per·

220 1226 357 1292 cipit,
394 1228 430 1274 is
454 1226 666 1274 maxime
677 1238 837 1289 potens
857 1224 957 1280 est3
991 1239 1273 1291 quapropter
1295 1226 1374 1291 qui
1402 1226 1636 1275 Potentiae
1675 1225 1739 1272 ibi
1765 1227 1884 1284 sunt,
1916 1243 2112 1290 [omnem
2141 1246 2225 1294 po·

223 1296 422 1342 tentiam
457 1309 515 1341 ex
547 1292 591 1340 se
625 1292 761 1357 plane
794 1291 1087 1347 aversantur·,
1123 1292 1212 1339 hoc
1233 1309 1441 1358 quoque,
1476 1309 1584 1340 cum
1611 1292 1837 1356 spectatur
1857 1309 1881 1340 a
1900 1294 2005 1342 'luce
2030 1297 2223 1345 naturali

223 1360 393 1426 absque
416 1360 591 1416 medio,
625 1360 678 1408 &
702 1358 846 1422 magis
889 1357 920 1404 fi
946 1374 1038 1406 non
1069 1359 1486 1423 correspondentia,
1525 1374 1609 1405 nec
1638 1359 1912 1420 agnoscitur.
1980 1362 2052 1409 Sit
2075 1364 2225 1411 adhuc

221 1443 310 1492 pro
332 1426 582 1490 exemplo;
615 1425 697 1490 qui
723 1440 748 1472 e
773 1424 966 1472 naturali
988 1423 1160 1489 absque
1191 1426 1365 1482 medio,
1404 1426 1454 1474 &
1479 1426 1626 1487 magis
1650 1425 1683 1473 fi
1709 1441 1801 1472 non
1824 1427 2224 1491 correspondentia

221 1493 394 1558 spectat
416 1493 664 1549 Liberum,
702 1506 795 1538 non
832 1492 959 1540 aliter
994 1490 1104 1539 scire
1145 1492 1310 1556 potest,
1345 1508 1489 1555 quam
1526 1492 1655 1556 quod
1679 1492 1907 1540 Liberum
1949 1495 2001 1553 fit
2023 1498 2224 1560 cogitare

221 1561 275 1609 δε
309 1559 428 1608 vene
461 1575 522 1608 ex
557 1559 621 1615 se,
653 1558 709 1606 δι·
730 1557 854 1622 ροίΐε
886 1573 1022 1623 agere
1054 1558 1222 1624 absque
1263 1559 1409 1608 fraeno
1441 1560 1554 1607 ficut
1578 1560 1752 1623 cogitat
1781 1561 1831 1608 δε
1855 1560 1978 1619 vult,
2015 1579 2154 1626 quare
2178 1581 2227 1611 e-

221 1627 338 1678 tiam
372 1626 584 1676 naturalis
608 1626 753 1673 horno
774 1638 827 1673 ut
848 1626 1012 1674 habere
1034 1627 1169 1690 poffit
1197 1626 1357 1675 omnia
1377 1641 1484 1692 quae
1506 1625 1685 1688 cogitat
1722 1627 1773 1674 δε
1793 1626 1908 1683 vuit,
1943 1630 2226 1692 opulentiffi-

223 1709 340 1743 »mus
376 1695 481 1744 vult
508 1693 617 1751 esse,
641 1704 783 1758 utque
804 1707 942 1755 agere
982 1693 1118 1756 pom:
1153 1693 1314 1742 omnia
1356 1709 1469 1760 quae
1507 1692 1680 1755 cogitat
1725 1693 1776 1742 &
1815 1693 1932 1751 vuit,
1970 1697 2226 1758 potentiffi·

220 1776 328 1810 mus
361 1760 464 1812 vult
494 1760 599 1818 effe,
650 1759 702 1808 δε
740 1772 852 1807 tunc
883 1759 1032 1808 credit
1070 1759 1146 1808 ille
1184 1759 1228 1807 se
1263 1760 1308 1808 in
1347 1760 1531 1809 summo
1564 1759 1742 1821 Libero
1779 1760 1884 1817 effe,
1937 1761 1988 1810 δε
2029 1764 2137 1811 inde
2176 1766 2224 1813 in

218 1826 321 1894 ipso
342 1825 466 1877 felici
485 1846 503 1883 ς
544 1827 580 1876 si
601 1839 755 1875 autem
790 1825 878 1875 illis
899 1826 1084 1883 dicitur,
1118 1827 1248 1892 quod
1270 1827 1425 1891 ipsum
1449 1826 1696 1884 Liberum,
1729 1828 1855 1892 quod
1881 1827 2108 1878 Liberum
2132 1847 2228 1879 coe-

218 1894 332 1944 leste
363 1907 572 1952 vocatur,
621 1893 799 1960 prorsus
822 1909 916 1942 non
940 1893 1031 1942 tale
1054 1894 1127 1952 fit,
1162 1893 1237 1942 sed
1261 1894 1388 1959 quod
1412 1895 1469 1943 fit
1490 1893 1605 1941 nihil
1630 1893 1744 1941 velle
1787 1909 1844 1941 ex
1885 1897 1945 1952 se,
1980 1895 2053 1944 sed
2079 1914 2104 1944 a
2127 1899 2227 1946 Do-

221 1961 371 2020 mino,
406 1961 506 2010 imo
545 1976 628 2010 nec
664 1961 869 2025 cogitare
905 1975 964 2008 ex
1001 1959 1046 2008 se
1069 1960 1145 2009 sed
1183 1977 1211 2008 a
1231 1960 1369 2018 coelo,
1403 1961 1456 2011 &
1480 1960 1585 2008 inde
1601 1960 1730 2026 quod
1753 1961 1931 2024 prorsus
1956 1961 2000 2010 in
2026 1980 2225 2013 maerore

217 2027 326 2086 sint,
361 2029 414 2077 δε
437 2027 484 2075 in
522 2026 682 2075 dolore
716 2028 750 2075 fi
782 2026 870 2075 illis
897 2041 956 2075 ex
978 2026 1021 2075 fi:
1042 2027 1259 2093 cogitare,
1295 2028 1347 2078 &
1379 2043 1438 2076 ex
1462 2027 1504 2075 se
1526 2028 1644 2075 velle
1667 2027 1949 2092 permittitur
1970 2049 1986 2083 3
2022 2029 2108 2079 hoc
2135 2046 2226 2081 non

216 2093 494 2160 agnoscitur.
565 2092 644 2142 Ex
667 2092 738 2140 his
760 2094 1048 2159 aliquatenus
1069 2106 1226 2160 patere
1249 2094 1414 2161 potest,
1449 2094 1696 2160 quomodo
1737 2093 1780 2141 se
1805 2094 1941 2143 habet
1975 2112 2086 2145 cum
2112 2098 2222 2155 hoc,

217 2162 349 2227 quod
368 2167 538 2212 'verum
571 2176 598 2209 a
635 2159 819 2211 Divino
858 2176 950 2209 non
986 2173 1203 2227 appareat
1241 2161 1287 2209 in
1326 2163 1427 2209 luce
1468 2162 1658 2211 naturali
1699 2161 1908 2211 nondum
1944 2177 1969 2209 a
2006 2163 2106 2211 luce
2127 2180 2227 2214 coe·

218 2227 320 2296 lesti
342 2229 613 2287 illuminata,
645 2243 758 2294 quae
780 2227 1092 2292 significantur
1125 2244 1210 2295 per
1237 2229 1368 2295 quod
1405 2227 1561 2277 fratres
1595 2227 1788 2294 josephi
1823 2244 1915 2277 non
1950 2232 2225 2292 agnoverint

215 2309 343 2346 eum.

290 2378 438 2428 5429.
471 2363 597 2413 Vers
605 2381 619 2414 e
646 2379 675 2428 9
700 2364 758 2413 ad
789 2362 866 2416 16.
902 2364 968 2413 Et
989 2363 1239 2414 recordatus
1259 2363 1422 2428 Joseph
1431 2364 1704 2426 somniorum,
1739 2380 1835 2430 quoe
1851 2365 2093 2428 somniavit
2113 2365 2221 2423 illis,

217 2427 279 2480 δέ
300 2429 410 2479 dixit
430 2430 492 2480 ad
515 2431 626 2489 illos,
659 2431 944 2494 exploratores
978 2447 1071 2490 vos,
1106 2432 1168 2481 ad
1197 2431 1430 2480 videndum
1467 2431 1703 2480 nuditatem
1738 2441 1870 2478 terrae
1900 2434 2087 2488 venistis.
2158 2434 2223 2479 Et

216 2497 421 2545 dixerunt
462 2497 524 2546 ad
560 2515 676 2556 eum,
730 2515 811 2547 non
849 2497 1014 2547 domine
1060 2501 1137 2553 mi,
1197 2498 1254 2548 ἔθ’
1288 2498 1415 2561 servi
1436 2501 1504 2545 tui
1541 2501 1721 2545 veniunt
1741 2496 1803 2543 ad
1820 2497 2036 2545 emendum
2062 2498 2217 2548 cibum.

219 2562 379 2614 Omnes
398 2580 470 2611 nos
491 2563 584 2624 filii
604 2567 701 2614 viri
736 2567 862 2614 unius
885 2581 975 2623 nos,
1028 2568 1138 2613 recti
1158 2581 1250 2621 nos,
1283 2580 1364 2611 non
1396 2565 1502 2626 sunt
1529 2564 1657 2624 servi
1694 2565 1761 2609 tui
1783 2563 2079 2625 exploratores.
2151 2566 2217 2612 Et

212 2628 328 2679 dixit
347 2629 408 2679 ad
426 2630 536 2687 illos,
557 2647 654 2689 non,
676 2631 787 2698 quod
827 2631 1071 2681 nuditatem
1119 2641 1251 2680 terrae
1284 2631 1458 2690 venistis
1479 2629 1542 2678 ad
1573 2628 1816 2678 videndum.
1889 2632 1954 2677 Et
1992 2631 2212 2688 dixerunt,

215 2695 430 2747 duodecim
455 2697 669 2761 servitui
689 2700 866 2763 fratres
898 2714 988 2756 nos,
1027 2697 1121 2758 filii
1153 2700 1248 2745 viri
1279 2699 1423 2755 unius,
1471 2699 1518 2745 in
1550 2706 1673 2744 terra
1697 2696 1889 2752 canaan,
1928 2696 1985 2746 ἐπ’
2015 2714 2103 2746 ecce
2135 2702 2216 2744 mi-

217 2767 362 2814 nimus
398 2780 494 2813 cum
517 2774 652 2825 patre
689 2764 823 2826 nostro
853 2765 992 2822 hodie,
1045 2765 1105 2823 §9²
1137 2780 1249 2814 unus
1279 2780 1360 2812 non
1408 2763 1481 2824 est.
1551 2764 1616 2810 Et
1647 2762 1758 2811 dixit
1805 2761 1866 2810 ad
1912 2764 2004 2812 illos
2039 2765 2218 2826 Joftph,

215 2829 295 2880 hoc
325 2830 439 2898 quod
467 2831 666 2896 loquutus
699 2829 761 2878 ad
801 2845 898 2888 vos,
945 2830 1135 2888 dicendo,
1192 2831 1476 2895 exploratores
1523 2846 1618 2878 vos.
1688 2831 1742 2877 In
1789 2830 1866 2877 hoc
1915 2831 2217 2893 probabimini,

217 2901 355 2948 vivat
387 2897 583 2955 Pharao,
619 2897 670 2962 si
702 2895 872 2945 exibitis
915 2897 1081 2955 exhinc,
1115 2898 1194 2958 nist
1233 2900 1279 2946 in
1323 2899 1473 2945 venire
1507 2899 1664 2961 frater
1705 2896 1843 2956 vester
1886 2899 2081 2944 minimus
2118 2899 2215 2948 huc.

221 2965 400 3014 Mittite
422 2981 444 3012 e
463 2965 586 3014 vobis
606 2980 756 3022 unum,
790 2961 849 3013 &³
869 2966 1057 3027 accipiat
1067 2965 1267 3028 fratrem
1294 2963 1499 3022 vestrum,
1532 2962 1593 3011 &
1613 2979 1691 3011 vos
1728 2963 1987 3018 vim-ionum,
2023 2963 2080 3011 &3
2112 2978 2216 3028 pro-

219 3029 440 3081 babuntur
473 3031 613 3082 verba
645 3031 807 3090 vestra,
839 3045 900 3078 an
937 3032 1106 3078 veritas
1126 3046 1222 3078 cum
1258 3029 1400 3086 vobis,
1431 3028 1492 3078 ἐξ
1515 3029 1564 3090 st
1582 3045 1681 3085 non,
1713 3032 1845 3078 vivat
1878 3030 2075 3085 Pharao,
2112 3030 2222 3095 quod

217 3099 500 3160 exploratores
521 3114 613 3148 vos.
680 3097 747 3146 Et
789 3095 1052 3146 recordatus
1072 3097 1249 3160 Joseph
1271 3095 1558 3144 somniorum
1584 3112 1693 3161 quae
1718 3095 1962 3145 somniavit
1987 3095 2090 3151 illis,
2129 3097 2219 3158 sig·

180 3203 188 3208 .
218 3161 375 3213 nificat
394 3164 526 3230 quod
548 3163 734 3214 coeleste
755 3162 1000 3229 spiritualis
1023 3163 1300 3229 praevideret
1322 3162 1433 3228 quid
1458 3162 1746 3226 contingeret
1784 3163 1839 3209 de
1863 3163 1983 3209 veris
2005 3178 2220 3211 commu-

221 3227 358 3278 nibus
378 3228 594 3280 Ecclefiae
615 3234 663 3281 in
690 3229 913 3279 naturali:
947 3230 999 3279 δε
1021 3231 1144 3280 dixit
1177 3231 1234 3278 ad
1276 3230 1398 3286 illos,
1432 3230 1658 3292 fignificat
1695 3230 2039 3293 perceptionem
2083 3230 2216 3277 inde:

215 3294 526 3367 exploratores
542 3312 646 3366 vos,
681 3296 908 3365 fignificat
926 3298 1059 3364 quod
1083 3297 1315 3414 ῐοίιιπιὲιά
1334 3295 1618 3363 captandum
1641 3296 1847 3347 lucrum:
1883 3296 1940 3343 ad
1964 3296 2220 3409 vicgendum

1962 3379 2023 3412 nu
2060 3375 2217 3412 itatem
