2566 3640
289 206 600 305 CAPUT
644 222 1501 311 QUADRAGESIMUM
1545 225 2075 299 SEPTIMUM.
2140 252 2174 320 3
2190 252 2268 312 51

230 358 437 408 (naturali
458 356 509 405 &
530 349 647 401 intra
672 349 923 399 Ecclesiam
944 353 1008 399 ob
1025 351 1379 410 desolationem,
1416 352 1589 402 constat
1607 368 1665 400 ex
1685 351 2019 416 significatione
2036 356 2255 407 consum-

247 437 352 475 tum
388 422 494 479 effe,
525 417 654 484 quod
672 451 675 457 ι
690 417 744 466 fit
782 432 878 466 non
910 418 1063 480 magis
1101 417 1403 484 conspicuum
1425 418 1514 468 effe
1535 442 1550 477 ς
1584 419 1642 468 eit
1680 419 2016 482 significatione
2057 425 2254 485 argenti,

246 490 381 558 quod
404 489 456 543 fit
478 484 778 536 scientificum
798 501 961 534 verum
984 486 1037 535 ὅτ
1058 485 1273 550 aptabile,
1309 488 1367 537 de
1405 503 1499 553 qua
1531 487 1662 552 supra
1686 503 1714 533 n
1731 504 1748 533 :
1774 486 1831 536 61
1848 504 1901 535 12
1926 509 1942 544 ς
1975 504 2000 535 a
2026 489 2253 552 significa-

255 563 379 608 tione
403 566 536 602 terrae
558 552 775 617 AEgypti,
814 553 944 618 quod
961 553 1015 600 fit
1034 553 1235 601 naturale
1251 555 1330 602 ubi
1351 554 1614 612 scientifica,
1650 554 1710 602 de
1730 569 1819 617 qua
1845 553 1979 618 supra
2002 571 2031 602 n
2051 574 2060 603 :
2089 557 2141 605 61
2162 575 2178 606 1
2196 573 2214 606 1
2238 578 2254 611 ε

247 627 304 675 δι·
327 638 385 671 ex
408 620 739 686 significatione
757 630 894 667 terrae
917 620 1153 677 Canaanis,
1187 620 1318 684 quod
1341 621 1398 680 fit
1416 620 1635 678 Ecclesia,
1669 619 1729 667 de
1753 637 1846 684 qua
1862 624 2002 671 etiam
2035 621 2167 686 supra
2191 640 2250 671 n:

250 692 382 751 6067
411 710 427 744 ·,
457 686 588 752 quod
625 687 690 735 ob
726 685 1075 746 desolationem,
1110 699 1237 752 patet
1259 687 1321 737 ab
1341 688 1431 739 illis
1465 704 1575 754 quae
1609 688 1896 752 praecedunt,
1947 689 2153 738 videatur
2186 707 2245 739 n:

248 756 311 807 61
328 772 402 806 ιο.

215 871 217 873 ,
318 823 378 873 61
395 837 467 885 ¹7·
506 819 574 870 Et
608 834 835 871 venerunt
857 820 1011 878 omnis
1035 819 1275 884 AEgyptus
1294 820 1353 869 ad
1380 819 1658 887 Josephum,
1692 820 1819 886 quod
1855 822 2078 886 significet
2101 822 2252 888 appli-

243 890 477 938 cationem
506 888 567 941 ad
591 887 850 944 Internum,
885 888 1057 943 constat
1080 903 1107 934 a
1124 886 1458 950 significatione
1490 888 1646 936 venire
1671 890 1731 937 ad
1755 888 1906 946 illum,
1941 890 2071 954 quod
2095 891 2149 938 fit
2171 907 2252 955 ap-

246 956 439 1022 plicari,;
474 970 533 1002 ex
550 954 880 1018 significatione
899 953 1119 1018 AEgypti‚
1154 953 1281 1017 quod
1300 954 1354 1002 fit
1372 954 1692 1012 scientificum,
1727 955 1786 1001 de
1807 971 1898 1019 qua
1920 956 2045 1019 prius
2071 976 2087 1011 ·,
2124 958 2173 1005 δε
2192 973 2250 1004 ex

246 1019 645 1088 repraesentatione
685 1019 896 1084 Josephi,
943 1020 1070 1085 quod
1095 1020 1148 1068 fit
1171 1021 1427 1079 Internum,
1477 1022 1538 1070 de
1577 1038 1670 1086 qua
1709 1021 1848 1069 etiarn
1890 1022 2030 1084 prius,
2100 1025 2252 1088 Qod
2270 1059 2284 1070 ,

243 1103 388 1138 omne
411 1087 711 1136 scientificum
735 1088 782 1135 in
807 1089 997 1135 naturali
1022 1086 1106 1135 sub
1124 1087 1332 1151 auspicio
1354 1087 1522 1136 Interni
1547 1088 1676 1144 esset,
1717 1087 1996 1152 significatur
2019 1105 2099 1152 per
2123 1091 2253 1152 quod

242 1154 476 1219 Josephus
511 1154 622 1201 effet
658 1153 904 1208 dominans
935 1153 1068 1218 super
1103 1166 1248 1208 totam
1272 1167 1440 1203 terram
1478 1154 1678 1219 AEgypti
1708 1175 1724 1210 ς
1761 1168 1808 1202 at
1828 1154 2095 1218 conjunffio
2118 1172 2262 1205 vero-1

246 1238 350 1270 rum
392 1219 609 1269 Ecclefiae
631 1235 740 1268 cum
763 1220 1094 1277 scientificisin
1117 1221 1330 1279 naturali,
1365 1221 1431 1271 est
1452 1237 1560 1288 quae
1584 1237 1706 1270 nunc
1728 1222 1774 1270 in
1800 1220 1928 1270 sensu
1965 1223 2149 1271 interno
2171 1223 2253 1272 de-

254 1287 483 1338 scribitur.

317 1356 378 1404 61
398 1357 467 1402 18.
511 1352 742 1410 Dicendo,
790 1352 850 1402 da
883 1353 1018 1402 nobis
1056 1369 1244 1419 panem,
1290 1354 1422 1420 quod
1450 1353 1678 1418 significet
1700 1353 1757 1403 de
1781 1353 2099 1404 sustentatione
2139 1356 2253 1405 vitae

246 1420 511 1487 spiritualis,
551 1421 727 1470 constat
749 1435 773 1466 a
797 1419 1129 1482 fignificatione
1163 1421 1287 1478 dare,
1321 1438 1429 1471 curn
1463 1422 1739 1487 praedicatur
1770 1422 1827 1469 de
1860 1438 1994 1486 pane,
2029 1424 2157 1487 quod
2195 1424 2251 1471 fit

245 1488 531 1541 sustentare3
566 1487 617 1535 &
652 1502 710 1534 ex
740 1487 1077 1550 significatione
1100 1490 1248 1552 pani3‚
1283 1488 1414 1551 quod
1448 1488 1503 1537 sit
1541 1489 1636 1536 vita
1659 1488 1936 1553 spiritualis3
1973 1506 2054 1553 per
2077 1506 2246 1553 panem

242 1556 374 1604 enim
397 1555 444 1602 in
470 1550 617 1617 specie
640 1553 918 1617 significatur
953 1555 1126 1603 bonum
1148 1555 1320 1613 amoris
1340 1556 1392 1604 &c
1413 1553 1663 1612 charitatis,
1700 1568 1745 1604 at
1767 1557 1814 1603 in
1839 1571 2004 1619 genere
2026 1556 2252 1620 fignifica—

243 1634 322 1670 tur
346 1621 441 1669 vita
460 1619 705 1685 spritualiS,
741 1635 849 1675 nam
869 1631 981 1676 tune
994 1635 1077 1684 per
1094 1636 1262 1685 panem
1282 1622 1555 1686 intelligitur
1570 1622 1724 1671 omnis
1742 1622 1890 1678 cibus,
1935 1636 1983 1670 ut
2008 1639 2034 1669 n
2057 1641 2067 1669 :
2098 1639 2120 1670 2
2134 1641 2151 1672 1
2164 1626 2247 1685 65,

237 1687 476 1738 ostensum
499 1686 600 1742 est3
634 1687 684 1735 δε
709 1701 819 1742 cum
844 1685 1119 1749 intelligitur
1151 1688 1305 1737 omnis
1326 1689 1456 1746 cibus
1479 1689 1525 1737 in
1552 1703 1736 1752 genere,
1771 1689 1835 1737 est
1869 1689 1960 1737 vita
1986 1689 2247 1753 spiritualis,

239 1771 353 1804 nam
389 1755 517 1803 cibus
541 1753 587 1800 in
612 1767 779 1816 genere
801 1751 867 1800 est
883 1752 937 1800 -in
959 1752 1180 1817 spirituali
1215 1753 1340 1805 sensu
1370 1771 1511 1803 omne
1536 1756 1713 1805 bonum
1747 1756 1934 1812 amoris,
1968 1756 2020 1805 ὅτ,
2053 1773 2247 1822 quoque

239 1836 384 1873 omne
407 1834 571 1869 verum
595 1819 722 1877 fidei,
758 1819 862 1867 haec'
888 1818 985 1868 duo
1010 1819 1114 1868 sunt
1133 1835 1244 1884 quae
1265 1819 1444 1870 faciunt
1466 1822 1614 1870 vitam
1648 1821 1946 1887 spiritualem.

313 1890 371 1937 61
390 1903 463 1950 ¹9·
500 1885 564 1940 Et
585 1900 668 1934 cur
691 1885 949 1934 moriemur
963 1883 1098 1950 juxta
1121 1899 1166 1934 te
1189 1886 1300 1952 quia
1337 1887 1497 1936 deficit
1530 1901 1795 1952 argentum,
1847 1888 1976 1954 quod
2019 1889 2248 1951 significet

238 1953 378 2020 -quod
412 1952 615 2017 alioquin
638 1951 957 2011 obdeferfmm
996 1954 1104 2001 veri·
1126 1969 1253 2002 mors
1292 1953 1558 2018 spiritualis,
1605 1954 1779 2014 constat
1814 1971 1873 2003 ex
1911 1954 2246 2020 significatione

199 2057 206 2061 -
247 2019 388 2077 mori,
421 2019 551 2085 quod
575 2018 631 2067 fit
648 2034 773 2067 mors
795 2017 1057 2082 spirituaIiS‚
1087 2019 1148 2067 de
1167 2037 1266 2085 *qua
1290 2020 1528 2086 sequitur3
1560 2023 1614 2072 &
1631 2038 1689 2070 ex
1709 2021 2035 2086 significatione
2058 2023 2250 2071 deficere

247 2098 512 2150 argentum,
547 2085 678 2150 quod
703 2085 756 2134 fit
778 2083 983 2135 defectus
1006 2085 1122 2144 veri,
1156 2087 1287 2153 quod
1320 2101 1562 2151 argentum
1587 2088 1638 2137 fit
1661 2088 1964 2138 scientificum
2001 2105 2159 2138 verum
2194 2091 2246 2138 δε

243 2153 467 2218 aptabile,
488 2151 698 2200 videatur
712 2169 770 2201 n:
797 2152 852 2201 61
871 2168 946 2203 η.
994 2153 1117 2202 Cum
1137 2153 1399 2220 hoc,‹quod
1419 2171 1540 2204 mors
1557 2155 1798 2220 spiritualis
1815 2155 1885 2212 fit,
1911 2171 2018 2203 cum
2038 2155 2245 2204 defeelus

247 2221 350 2270 veri
373 2219 456 2276 est,
490 2219 555 2268 ita
577 2218 619 2267 se
643 2218 815 2274 habet;
850 2220 947 2268 vita
969 2219 1210 2284 spiritualis
1247 2221 1450 2277 consistit
1482 2224 1530 2271 in
1563 2221 1793 2270 exercitiis
1831 2221 2081 2271 secundum
2121 2239 2247 2280 vera,

203 2333 207 2337 .
244 2288 573 2352 consequenter
591 2285 637 2334 in
654 2285 803 2342 usibus
822 2305 840 2341 ·,
871 2302 981 2336 nam
998 2289 1083 2352 qui
1100 2288 1148 2343 in
1170 2288 1268 2336 vita
1287 2288 1503 2354 spirituali
1519 2288 1640 2347 sunt,
1676 2302 1901 2354 appetunt
1922 2290 1970 2336 &
1990 2289 2247 2338 desiderant

248 2368 359 2402 vera
381 2354 444 2400 ob
460 2353 603 2404 finem
625 2352 756 2410 vitae‚
780 2402 782 2405 ,
807 2351 897 2401 hoc
918 2354 1000 2410 est,
1035 2367 1089 2403 ut
1105 2356 1271 2410 ‚vivant
1293 2355 1546 2412 secundum
1570 2356 1666 2413 iila,
1701 2356 1764 2403 ita
1786 2355 1849 2404 ob
1870 2356 2014 2405 finem
2038 2356 2205 2405 usuum
2222 2378 2241 2411 ς

246 2431 481 2485 quantum
503 2419 658 2484 itaque
682 2418 860 2468 haurire
885 2420 1067 2485 possunt
1089 2436 1215 2479 vera,
1268 2421 1524 2472 secundum
1549 2439 1659 2487 quae
1682 2421 1783 2471 usus
1806 2423 1936 2479 fient,
1989 2435 2165 2470 tantum
2192 2423 2240 2471 in

202 2532 211 2540 ,
250 2488 347 2537 vita
371 2485 591 2549 spirituali
614 2484 730 2543 sunt,
765 2485 875 2551 quia
897 2500 1077 2536 tantum
1109 2488 1157 2536 in
1180 2488 1279 2538 luce
1301 2489 1616 2552 intelligentiae
1636 2490 1688 2538 &
1713 2489 1976 2554 sapientiaet
2026 2505 2133 2537 cum
2159 2490 2248 2539 ita·

250 2570 346 2617 que
378 2552 600 2612 deficiunt
633 2555 759 2611 vera,
810 2553 936 2617 quod
957 2555 1013 2602 fit
1035 2570 1143 2603 cum
1171 2554 1311 2604 status
1333 2555 1514 2604 umbr'ae
1540 2555 1681 2612 venit,
1717 2556 1806 2620 ,qui
1831 2571 1913 2620 per
1935 2555 2170 2619 vesperam
2195 2557 2242 2604 in

251 2619 413 2669 Verbo
431 2617 723 2682 fignificatur‚
757 2635 808 2667 n:
831 2621 886 2668 61
906 2637 980 2677 10,
1004 2633 1111 2669 tunc
1132 2621 1305 2670 laborat
1322 2623 1419 2670 vita
1437 2620 1696 2686 spiritualiS,
1720 2621 1976 2670 obveniunt
1994 2624 2119 2674 enim
2140 2624 2244 2671 talia

245 2703 363 2753 quae
387 2685 490 2734 sunt
511 2686 706 2741 umbrae,
741 2684 831 2733 hoc
845 2683 927 2743 est,
960 2702 1069 2750 quae
1103 2687 1208 2736 sunt
1231 2688 1392 2739 mortis
1425 2688 1686 2752 spiritualis,
1720 2704 1826 2736 nam
1845 2704 1936 2736 non
1954 2701 2063 2736 tunc
2086 2701 2242 2737 tenen-

248 2767 326 2805 tur
344 2755 391 2804 in
412 2752 528 2809 luce,
551 2764 604 2799 ut
627 2753 769 2815 priuS,
797 2751 871 2800 sed
890 2753 1188 2803 remittuntur
1203 2754 1359 2819 quoad
1378 2767 1555 2819 partem
1569 2754 1821 2821 aliquotam
1839 2756 1888 2802 in
1908 2753 2039 2804 suum
2064 2760 2240 2820 propri-

194 2850 211 2859 ·
247 2838 351 2878 um,
389 2818 496 2869 inde
517 2818 711 2867 obvenit
733 2833 791 2866 ex
814 2819 978 2867 umbra
1001 2822 1160 2885 imago
1183 2820 1343 2877 mbrt‘1s
1366 2821 1625 2886 spirituali3‚
1678 2821 1767 2869 hoc
1788 2821 1870 2879 est,
1921 2822 2240 2886 damnationis,

250 2886 394 2951 Qod
416 2901 494 2949 per
514 2897 711 2932 mortem
731 2884 1010 2948 significetur
1028 2903 1149 2934 mors
1167 2888 1408 2951 spiritualis
1426 2889 1501 2936 seu
1525 2887 1778 2944 damnatio,
1814 2904 1840 2935 a
1863 2889 2152 2950 perpluribus
2172 2890 2237 2936 lo-

246 2954 381 3005 ,cisia
403 2952 560 3000 Verbo
578 2951 773 3009 constat,
808 2967 866 2999 ex
881 2953 1053 3017 quibus
1069 2952 1217 3010 solum
1242 2955 1340 3011 haec
1363 2955 1471 3003 licet
1494 2955 1652 3004 afferre
1672 2975 1688 3009 ·,
1722 2953 1844 3018 apud
1871 2953 2065 3018 Esaiam·
2086 2963 2125 2986 ‘⁴
2149 2956 2239 3019 Ju-

247 3019 422 3069 dicabit
445 3019 493 3067 in
510 3017 685 3085 justitia
707 3034 946 3082 pauperes,
987 3020 1039 3067 &
1061 3020 1276 3084 corripiet
1292 3038 1407 3069 cum
1430 3021 1702 3070 oestitudine
1727 3020 1910 3069 miseros
1936 3034 2093 3070 terrae:
2128 3039 2238 3071 con-

256 3097 326 3134 tra
341 3087 561 3148 percutiet
585 3098 751 3133 terram
773 3087 903 3148 virga
925 3084 1017 3133 oris
1038 3084 1123 3144 sui,
1157 3087 1209 3135 δε
1232 3086 1388 3152 spiritu
1415 3086 1645 3136 labiorum
1673 3088 1853 3136 suorum
1878 3090 1987 3135 mori
1994 3090 2132 3151 faciet
2154 3092 2237 3136 im-

253 3150 421 3214 pium'’
457 3168 513 3200 xx
534 3170 547 3200 ε
569 3169 618 3212 4,
655 3152 718 3200 ibi
736 3151 795 3199 de
813 3152 1024 3202 Domino
1043 3173 1058 3208 ς
1079 3154 1213 3217 virga
1228 3154 1381 3209 oris&
1396 3154 1575 3218 spiritus
1598 3155 1820 3204 labiorum
1842 3170 1927 3217 pro
1950 3155 2130 3203 Divino
2147 3151 2239 3202 Ve-

256 3233 329 3273 ro,
353 3232 409 3264 ex
425 3217 756 3285 quojudicium
771 3238 803 3274 ς
818 3219 934 3275 mori
960 3218 1288 3285 prodamnari.
1325 3221 1474 3288 Apud
1494 3220 1718 3283 Eundem·
1735 3228 1771 3251 “
1790 3219 2029 3282 Abftrbebit
2045 3225 2239 3285 Mortem

246 3301 305 3334 ue
323 3292 552 3344 aternum,
575 3286 626 3335 &
643 3284 867 3349 absterget
881 3285 1115 3339 Dominus
1127 3285 1335 3352 Jehovih
1360 3287 1638 3354 lachrymam
1656 3278 1849 3354 desuper
1872 3290 2087 3337 omnibus
2107 3287 2247 3376 facies,

2114 3356 2201 3404 bus
