2606 3646
314 207 543 297 ·236.
638 205 723 278 G
859 206 931 280 Ε
1062 200 1177 281 Ν
1277 193 1363 280 Ε
1480 208 1569 281 s
1616 190 1909 281 ‘1354'

339 337 527 385 fidentia
551 350 754 401 apparet,
793 351 1024 403 utcunque
1047 355 1190 405 prope
1215 351 1414 389 mortem
1433 355 1540 388 cum
1564 339 1723 389 ardore
1746 337 2021 405 apparenter
2018 335 2122 386 tale
2146 319 2346 404 confeffif

342 405 544 460 fuerint,
583 407 707 469 quod
731 405 840 451 fides
858 407 948 453 five
967 422 1099 453 voces
1119 407 1242 454 illam
1261 407 1606 463 confidentiam,
1642 406 1734 455 five
1757 406 1991 464 fiduciam,
2027 404 2141 468 nihil
2165 405 2349 455 efficiat*

342 473 465 534 apud
503 472 662 527 maim,
699 471 798 533 Ipse
829 470 1056 519 Dominus
1087 472 1222 520 docet
1255 488 1312 536 ap
1315 473 1377 520 ud
1405 472 1666 536 Johannem
1700 479 1739 503 ‘⁸
1765 473 2011 539 Quotquot
2046 485 2336 538 receperunt,

342 539 470 585 dedit
494 538 580 585 iilis
603 537 889 600 potestatem,
925 551 975 585 ut
1000 538 1079 586 filii
1104 538 1192 586 Dei
1216 489 1372 595 effgnt,
1410 539 1700 586 credentibus
1735 538 1781 586 in
1815 539 2009 589 Nomen
2035 539 2214 616 Ipfius3
2249 540 2334 605 qui

343 620 434 651 non
459 619 516 650 ex
541 603 850 665 sanguinibus
887 619 1034 667 neque
1066 620 1125 652 ex
1148 605 1384 653 voluntate
1407 607 1568 661 carniS,
1604 619 1754 670 neque
1773 619 1831 652 ex
1854 606 2086 655 voiuntate
2107 606 2214 664 viri,
2251 606 2331 654 sed

343 687 403 718 ex
416 671 525 717 Deo
545 673 635 717 nati
657 668 809 717 sunt''
850 687 899 717 1:
930 686 1001 719 12.
1027 688 1118 734 13,
1151 671 1323 735 quiex
1320 671 1619 746 sanguinibus
1635 663 1823 735 proiliis
1846 672 1926 736 qui
1949 668 2215 721 violentiam
2231 673 2336 741 cha-

342 738 460 784 ritati
485 735 702 792 inferunt,
740 752 800 783 n:
829 752 939 802 374
964 751 1128 812 3005,
1146 751 1245 785 tum
1248 739 1348 803 qui
1369 754 1523 797 verum
1547 738 1853 802 prophanam,
1881 754 1942 785 n·
1968 752 2135 803 47353
2166 740 2250 818 qui
2275 737 2336 788 ex

342 805 579 851 voluntate
602 803 784 859 carnis,
803 818 889 878 pro
914 800 997 852 illis
1020 805 1100 866 qui
1117 803 1164 852 in
1184 805 1311 854 malis
1329 820 1386 853 ex
1404 820 1561 852 amore
1582 804 1644 852 sui
1665 805 1719 852 &
1739 804 1901 852 mundi
1929 785 2111 860 sunt,n
2169 809 2331 879 3813·
2320 841 2354 869 ,7

347 871 427 931 qui
451 884 508 916 ex
532 869 766 917 voluntate
791 870 894 926 viri,
935 886 1021 932 pro
1045 870 1131 918 iilis
1154 872 1237 935 qui
1261 872 1306 919 in
1334 871 1687 946 persuasionibus
1710 870 1823 927 falfi,
1869 871 1940 918 vir
1963 871 2089 918 enim
2115 821 2359 933 significat*

341 952 522 993 verum,
547 937 631 985 ὅτ
623 952 667 982 1n
693 935 905 998 opposito
929 937 1051 984 sensu
1078 936 1275 993 falsum3
1312 954 1337 984 a
1363 937 1468 985 Deo
1493 937 1602 1012 nati,
1643 953 1727 1001 pro
1752 937 1837 984 illis
1860 937 1938 1002 qui
1962 938 2211 1000 regenerati
2234 938 2338 986 sunt

345 1019 371 1049 a
394 1003 619 1057 Domino,
656 1004 705 1050 &
731 1003 866 1050 inde
856 1019 902 1051 m
927 1004 1085 1058 bono;
1123 1003 1168 1050 hi
1194 1003 1298 1052 sunt
1319 1004 1399 1066 qui
1426 1003 1650 1067 recipiunt
1674 1004 1955 1060 Dominum,
1990 1005 2040 1052 ὅτ
2065 1004 2112 1052 hi
2136 1003 2235 1052 sunt
2258 1005 2342 1070 qui

343 1069 560 1116 credunt
550 1082 596 1116 In
623 1069 813 1116 Nomen
840 1070 996 1133 Ipsius,
1037 1072 1088 1118 ὅτ
1112 1069 1157 1116 hi
1182 1069 1284 1117 sunt
1306 1070 1472 1134 quibus
1494 1070 1570 1118 dat
1593 1070 1859 1133 potestatem
1894 1082 1945 1116 ut
1970 1069 2056 1128 fini
2086 1070 2177 1117 Dei
2210 1070 2340 1130 funt„

345 1152 438 1183 non
463 1148 615 1183 autem
643 1135 760 1189 illis,
796 1151 849 1183 ex
873 1135 1040 1198 quibus
1066 1135 1300 1184 manifeste
1325 1144 1463 1199 patet,
1497 1137 1615 1200 quid
1638 1135 1730 1184 sola
1760 1135 1880 1185 fides
1909 1134 1963 1182 ad
1997 1125 2190 1183 salutem·
2215 1136 2340 1186 facit.

343 1203 488 1250 Porro
505 1214 555 1249 ut
574 1202 717 1249 homo
736 1215 1024 1262 regeneretur
1040 1204 1091 1251 ὅτ
1108 1203 1187 1251 fiat
1205 1201 1418 1259 Ecclesia,
1456 1202 1769 1250 introducetur
1792 1217 1872 1267 per
1892 1201 2123 1261 verumlad
2141 1202 2345 1262 bonum,

347 1270 397 1317 &
430 1282 537 1316 tunc
562 1268 888 1324 introducitur,
915 1285 1021 1316 cum
1047 1284 1212 1330 verum
1235 1270 1289 1317 fit
1311 1269 1541 1317 voluntate
1567 1269 1615 1317 ὅτ
1638 1268 1740 1316 actu
1763 1270 1944 1326 verum,
1979 1268 2069 1316 hoc
2090 1284 2252 1334 verum
2275 1270 2342 1319 est
2362 1270 2365 1272 ’

345 1337 539 1390 bonum,
575 1335 623 1382 δε
645 1347 835 1382 vocatur
854 1337 1030 1383 bonum
1053 1335 1167 1392 veri,
1202 1337 1252 1384 &
1285 1334 1497 1399 producit
1531 1350 1652 1383 nova
1687 1350 1795 1381 vera
1827 1335 2068 1390 continue,
2095 1336 2201 1384 nam
2232 1347 2347 1385 tunc

343 1401 552 1466 primum
577 1399 819 1449 fruetificat
835 1400 909 1456 se;
945 1418 1120 1458 verum
1127 1401 1254 1467 quod
1274 1401 1547 1466 producitur
1565 1403 1638 1451 seu
1657 1400 2088 1458 fructificaturinde,
2123 1401 2187 1450 est
2211 1404 2342 1468 quod
2383 1413 2386 1415 ’

343 1482 533 1516 vocatur
557 1482 718 1515 verum
744 1468 987 1525 internum,
1022 1469 1073 1516 &
1107 1468 1278 1516 bonum
1312 1484 1337 1516 a
1367 1484 1476 1532 quo,
1519 1479 1704 1515 vocatur
1727 1468 1903 1515 bonum
1929 1467 2195 1525 internum3
2230 1485 2339 1518 nam

346 1536 471 1599 prius
495 1534 610 1582 nihil
633 1533 720 1582 fit
710 1546 949 1591 mternum,
988 1551 1126 1600 quam
1154 1549 1262 1582 cum
1296 1533 1616 1598 implantatum
1650 1532 1715 1581 est
1745 1533 2008 1592 voluntati,
2024 1533 2335 1585 voluntarium

343 1602 467 1649 enim
494 1600 594 1648 est
579 1600 800 1648 intimum
826 1600 1026 1649 hominis
1048 1601 1268 1664 quamdiu
1293 1601 1465 1650 bonum
1488 1602 1539 1649 δε
1571 1615 1734 1648 verum
1757 1611 1883 1648 extra
1907 1600 2189 1649 voluntatem
2213 1598 2342 1665 su'nt,

346 1671 398 1716 &
413 1666 598 1716 solum
586 1682 633 1714 ιη
655 1667 910 1724 1111311εᾶ11,
946 1667 1047 1715 sunt
1070 1679 1195 1716 extra
1218 1667 1476 1725 hominem,
1511 1682 1630 1715 narn
1627 1665 1892 1720 ἰῃῑεΠεξὶυε
1914 1657 1980 1716 est
2001 1679 2142 1755 extra,
2177 1669 2243 1717 δε
2249 1684 2338 1739 vo-

346 1735 497 1786 luntas
517 1733 581 1781 est
607 1734 733 1782 intra.

417 1803 564 1862 5827.
603 1800 677 1848 Et
683 1801 826 1849 exivit
843 1817 954 1850 unus
968 1818 992 1849 a
1010 1818 1102 1860 me,
1139 1801 1267 1880 quod
1291 1764 1517 1870 significet
1533 1799 1704 1850 d1sceff
1703 1816 1842 1850 onem
1860 1794 2153 1866 apparentem
2171 1754 2347 1868 Intern’r

347 1867 477 1924 boni,
518 1866 689 1914 constat
711 1883 733 1914 a
759 1868 1088 1930 significatione
1111 1873 1250 1925 exire,
1290 1870 1366 1918 seu
1391 1866 1527 1925 abire,
1567 1868 1695 1932 quod
1721 1867 1771 1915 fit
1795 1867 2102 1924 discesso&
2123 1884 2149 1916 3
2172 1884 2339 1934 reprae·

343 1933 592 1981 sentatione
614 1933 821 1997 Josephi,
866 1937 995 2000 quod
1020 1936 1073 1983 fir
1095 1936 1331 1991 Internum
1361 1935 1561 1990 Bonum.
1585 1935 1643 1982 de
1664 1951 1754 1999 qua
1766 1935 1935 2008 prius;
1979 1935 2108 2018 quud
2131 1934 2338 1983 disceffio

342 2013 567 2063 apparens
584 1998 734 2056 fuerit,
773 2014 912 2064 patet,
938 2018 1043 2051 nam
1064 2002 1292 2067 Josephus
1310 2003 1447 2049 vixit.
1519 1991 1644 2050 Cum
1669 2000 1776 2049 hoc
1782 2001 1841 2048 ita
1865 2001 1907 2049 se
1931 2001 2108 2058 habet·
2137 2017 2219 2067 per
2242 2002 2337 2070 iila,

345 2083 453 2131 quae
476 2079 789 2114 memorantur
811 2068 869 2113 de
893 2067 1115 2132 Josepho‚
1153 2086 1179 2117 a
1203 2068 1430 2132 principio
1453 2067 1507 2116 ad
1532 2069 1708 2144 finem,
1730 2067 2103 2140 repraesentatur
2093 2085 2137 2119 in
2162 2067 2243 2116 suo
2266 2081 2340 2116 or-

345 2135 455 2180 dine
479 2132 767 2180 Glorificatio
792 2133 1005 2182 Humani
1038 2134 1261 2190 Domini3
1301 2137 1629 2199 consequenter
1661 2135 1708 2182 in
1733 2133 1857 2182 sensu
1891 2128 2089 2182 inferiori
2126 2135 2339 2197 Regene-

348 2199 466 2247 ratio
496 2199 720 2256 hominiS,
743 2215 848 2248 narn
869 2199 968 2248 haee
996 2200 1088 2249 est'
1078 2216 1234 2265 imago
1251 2201 1324 2250 seu
1348 2213 1483 2264 typus
1508 2200 1855 2263 giorificationis
1872 2201 2087 2258 Domini,
2113 2218 2174 2249 n:
2194 2218 2218 2264 3
2236 2206 2247 2248 i
2261 2216 2344 2264 30.
2345 2207 2377 2246 Σ

346 2281 492 2329 3212.
522 2265 664 2339 3246.
694 2282 838 2331 3490.
866 2264 991 2326 4402>
1001 2302 1019 2324 ,
1049 2266 1211 2328 5688
1252 2283 1361 2314 cum
1390 2266 1751 2331 Regeneratione
1782 2266 1983 2316 hominis
2017 2267 2078 2315 ita
2109 2267 2151 2315 se
2183 2267 2346 2326 habet,

348 2331 506 2396 quod
497 2347 542 2378 in
561 2331 723 2395 primo
732 2332 868 2389 statu,
902 2333 1089 2396 quando
1108 2333 1252 2381 homo
1275 2334 1577 2382 introducitur
1597 2349 1677 2397 per
1692 2347 1855 2380 verum
1877 2335 1920 2381 in
1946 2334 2141 2392 bonum,
2177 2349 2342 2383 verum
2404 2344 2414 2348 “

346 2410 563 2461 appareat
579 2397 830 2456 manifeste,
866 2399 986 2464 quia
994 2399 1039 2446 in
1058 2399 1232 2447 lumine
1248 2399 1405 2447 mundi
1430 2399 1510 2456 est,
1545 2400 1601 2448 δι’
1621 2415 1717 2447 non
1738 2400 1895 2462 procul
1910 2414 1934 2447 a
1951 2398 2223 2448 sensualibus
2236 2415 2338 2448 cor·
2354 2399 2376 2417 “³

348 2464 493 2529 potia,
524 2464 701 2512 bonum
719 2478 878 2513 autem
896 2481 986 2512 non
1013 2466 1070 2513 ita
1124 2467 1211 2514 hoc
1233 2466 1358 2513 enim
1381 2465 1511 2513 estin
1533 2458 1705 2515 lumine
1722 2466 1846 2527 coeii,
1882 2468 1931 2515 δε
1957 2467 2112 2530 procul
2139 2483 2165 2514 a
2189 2466 2337 2515 senffi-
2376 2479 2377 2482 ’

349 2531 493 2578 aiibus
505 2530 722 2594 corporis,
756 2530 820 2579 est
841 2533 964 2580 enim
981 2501 1170 2580 infflsin
1191 2531 1388 2583 hominis
1403 2531 1602 2599 spiritu·‚
1632 2532 1738 2580 inde
1756 2528 1836 2589 est,
1873 2533 1997 2599 quod
2024 2548 2184 2581 verum
2208 2531 2343 2599 quod
2372 2537 2377 2598 J

350 2597 460 2645 fidei
484 2609 695 2661 appareat
718 2597 974 2655 manifeste,
1007 2614 1099 2647 non
1121 2606 1274 2646 autem
1305 2597 1502 2654 bonum,
1536 2600 1715 2647 tametsi
1749 2598 1835 2646 hoc
1865 2599 1988 2648 adest
2019 2600 2249 2658 continue,
2284 2599 2344 2647 &r
2371 2614 2374 2617 ’

352 2663 526 2720 influit,
550 2663 601 2710 δε
619 2662 741 2711 facit
748 2675 802 2711 ut
823 2679 927 2712 vera
952 2664 1145 2719 vivant,
1169 2658 1369 2728 alioquin
1395 2664 1623 2729 nufiquam
1642 2666 1890 2727 regenerari
1916 2662 2062 2730 poss‘et
2082 2666 2257 2719 horno,
2293 2676 2347 2713 at

354 2745 470 2777 eum
486 2728 560 2776 hic
574 2729 708 2777 status
726 2731 932 2794 peraetus
947 2730 1027 2787 est,
1063 2743 1174 2779 tunc
1192 2732 1367 2779 bonum
1386 2730 1426 2778 se
1445 2730 1712 2806 manifestat,
1747 2733 1798 2780 δε
1816 2732 1905 2781 hoc
1919 2748 1999 2796 per
2011 2747 2214 2780 amorem
2230 2746 2346 2795 erga

279 2822 281 2824 v
354 2796 644 2860 proximum,
679 2796 731 2843 δι’
753 2811 834 2860 per
855 2795 1149 2845 affee'tion'em
1173 2797 1276 2844 veri
1293 2807 1479 2861 propter
1500 2798 1684 2846 vita-:m
1726 2798 1826 2846 haec
1848 2798 1967 2855 sunt,
2010 2813 2118 2863 quae
2140 2812 2346 2872 quoque
2375 2798 2378 2801 ’

359 2861 729 2924 repraesentantur
746 2878 824 2926 per
847 2862 1119 2927 Joseph-um,
1143 2863 1270 2928 quod
1288 2863 1461 2911 ablatus
1480 2864 1550 2923 fit,
1576 2866 1627 2912 &
1647 2879 1738 2912 non
1758 2863 2028 2929 apparuerit·
2040 2862 2151 2927 patri
2169 2863 2263 2932 suo,
2289 2865 2347 2911 &

360 2928 486 2992 quod
511 2928 663 2991 postea
681 2928 720 2975 ei
741 2928 783 2976 se
803 2929 1183 2984 manifestaverit,
1220 2929 1492 2991 intelligstur
1512 2930 1652 2979 etiam
1668 2930 1756 2979 hoc
1779 2937 1857 2995 per
1878 2925 2185 2978 discessionem
2203 2945 2343 2997 appa-

362 3006 536 3042 rentem
562 2994 732 3042 Interni
755 2995 889 3053 Boni,
935 3012 1049 3059 quae
1065 2992 1343 3060 significatur
1364 3013 1446 3060 per
1466 2996 1611 3045 exivit
1634 3012 1752 3045 unus
1773 3013 1799 3044 a
1822 3009 1921 3045 me..

430 3063 573 3131 5828.
611 3060 677 3108 Et
693 3061 809 3117 dixi,
844 3077 1005 3110 verum
1020 3077 1170 3110 tamen
1189 3062 1487 3126 discerpendo
1504 3063 1748 3127 discerptus
1765 3061 1844 3119 est,
1879 3061 2006 3127 quod
2022 3061 2053 3109 s
2037 3061 2244 3124 gmficet
2259 3063 2344 3128 ap-

361 3141 697 3199 perceptionem
711 3128 838 3192 quod
858 3143 882 3174 a
901 3128 1029 3176 malis
1046 3129 1096 3177 ὅτ
1112 3127 1228 3177 falsis
1241 3128 1444 3192 perierit,
1466 3128 1640 3178 constat
1652 3145 1676 3175 3
1693 3129 2019 3192 significatione
2032 3129 2195 3188 dicere,
2214 3129 2347 3194 quod

358 3193 413 3241 fit
435 3193 681 3259 percept'10‚
715 3194 786 3244 de·
796 3209 887 3259 qua
909 3194 1109 3262 saepius3
1138 3195 1192 3245 ὅτ
1211 3211 1237 3244 3
1262 3194 1587 3260 significatione
1611 3194 1819 3261 discerpi,
1863 3196 1993 3261 quod
2017 3193 2068 3246 fit
2091 3211 2115 3245 a
2137 3195 2349 3312 mam
