2626 3666
210 166 556 318 ''104v
756 225 823 306 G
960 223 1030 299 E
1163 194 2013 298 NE'SJS.

333 360 385 408 &
407 359 527 408 dixit
549 358 694 422 Jacob
716 358 822 407 filiis
846 357 946 416 suiS‚
981 357 1201 422 significat
1221 359 1568 424 perceptionem
1589 356 1649 406 de
1670 357 1790 406 veris
1813 358 1860 406 in
1879 356 2151 407 communi:
2185 370 2328 423 quare

335 424 535 490 aspicitis
557 441 657 481 vos,
693 426 917 487 significat
940 440 1017 472 cur
1041 425 1293 473 haererent:
1329 425 1380 472 ὅτ
1411 423 1546 481 dixit,
1580 439 1684 472 ecce
1707 424 1865 472 audivi
1903 426 2033 488 quod
2072 424 2123 472 fit
2147 430 2343 474 annona'

332 491 382 540 in
405 492 640 556 AEgypto‚
670 490 900 554 fignificat
915 491 1044 556 quod
1063 490 1316 554 comparari
1339 502 1511 555 queant
1533 505 1638 538 vera
1661 489 1744 554 per
1766 490 2037 540 scientifica:
2073 491 2329 540 descendite

334 557 446 606 illuc
471 560 521 607 δε
543 560 685 607 emite
710 559 839 605 nobis
864 557 988 616 inde,
1026 557 1251 619 fignificat
1273 556 1693 622 appropriationem
1718 571 1799 620 per
1823 556 1928 607 illa:
1963 558 2014 606 ἃ
2038 559 2255 607 vivamus
2276 558 2328 607 δε
2413 590 2417 592 -

334 639 430 672 non
455 625 723 678 moriamur,
761 623 981 688 significat
1006 623 1111 671 inde
1134 624 1278 672 vitam
1303 623 1607 687 spiritualem:
1645 623 1696 670 ὅτ
1714 622 2064 681 descenderunt,
2101 624 2332 687 fignificat

330 705 543 739 conatum
570 691 620 739 δε
643 691 831 738 astum:
867 690 1023 738 fratres
1045 689 1234 754 Josephi
1258 690 1439 747 decem,
1475 689 1698 753 significat
1723 688 1824 737 talia
1847 705 1951 736 vera
1975 688 2192 740 Ecclefiae
2210 706 2329 756 'quae

290 791 293 793 >
335 757 767 821 corresponderent:
803 757 859 805 ad
892 757 1143 805 emendum
1162 755 1449 804 frumentum
1471 771 1530 804 ex
1547 754 1781 820 AEgypto,
1816 754 2040 819 significat
2063 755 2120 804 ad
2162 772 2330 820 appro-

333 823 583 887 priandum
608 823 686 871 fibi
712 823 886 871 bonum
912 823 1006 870 veri
1032 839 1119 887 per>
1135 823 1406 872 scientifica:
1441 823 1493 871 δι
1530 821 1844 884 Benjaminem
1884 821 2072 885 fratrem
2115 822 2328 887 josephi,

331 891 556 952 fignificat
581 889 806 953 spirituale
828 888 1042 947 coelestis,
1077 889 1203 954 quod
1241 889 1477 937 medium:
1515 904 1607 936 non
1633 887 1754 939 misit
1776 888 1925 952 Jacob
1963 904 2072 936 cum
2111 888 2327 938 fratribus

331 956 440 1018 ejus,
476 956 698 1019 significat
719 955 846 1021 quod
870 953 1032 1018 absque
1057 955 1138 1003 illo
1162 955 1344 1004 medio:
1379 956 1488 1020 quia
1521 954 1660 1012 dixit,
1695 955 1811 1004 forte
1849 955 2068 1003 obveniat
2106 954 2172 1002 illi
2198 955 2329 1004 dam-

335 1039 467 1077 num,
502 1023 727 1085 fignificat
750 1021 874 1087 quod
903 1022 949 1070 id
972 1022 1138 1087 absque
1155 1021 1319 1070 caelesti
1337 1021 1595 1084 spiritualia,
1621 1022 1749 1087 quod
1774 1020 2019 1086 Josephus,
2051 1020 2328 1086 periturum:

335 1090 388 1137 δε
428 1102 652 1138 venerunt
678 1089 760 1136 filii
790 1087 957 1136 Israelis
979 1088 1036 1134 ad
1073 1088 1324 1135 emendum
1349 1089 1394 1135 in
1419 1088 1576 1136 medio
1599 1087 1903 1145 venientium,
1938 1089 2162 1152 fignificat
2199 1089 2331 1154 quod
2404 1094 2414 1103 '

332 1155 476 1203 vellet
499 1168 551 1204 ut
585 1154 829 1217 spiritualia
862 1169 966 1201 vera
998 1169 1133 1218 aeque
1173 1165 1547 1216 compararentur
1583 1169 1665 1217 per
1688 1153 1944 1211 scientifica,
1979 1155 2094 1203 sicut
2123 1153 2292 1219 reliqua
2312 1157 2329 1203 ε’

331 1222 442 1286 quia
481 1221 567 1269 fuit
601 1221 741 1269 sames
773 1221 820 1269 in
855 1230 970 1267 terra
995 1219 1190 1278 Canaan,
1223 1219 1449 1283 fignificat
1486 1220 1616 1285 quod
1653 1218 1868 1279 desolatio
1907 1219 2063 1285 quoad
2099 1219 2179 1269 illa
2214 1237 2325 1287 quae

332 1289 436 1336 sunt
457 1287 672 1335 Ecclefiae
707 1287 750 1334 in
784 1285 1007 1335 Naturali.
2091 1310 2095 1313 ¹

401 1369 549 1415 5400.
589 1353 653 1401 Et
691 1351 826 1411 vidit,
859 1353 988 1416 quod
1021 1351 1245 1417 significet
1283 1350 1359 1401 ina
1393 1367 1503 1418 quae
1536 1351 1666 1412 fidei,
1699 1351 1878 1402 constat
1909 1367 1967 1400 ex
1997 1351 2328 1417 significatione

329 1421 507 1478 videre,
544 1419 670 1485 quod
694 1409 891 1468 fintiina
924 1434 1033 1483 quae
1066 1419 1197 1476 fidei,
1232 1417 1292 1466 de
1313 1434 1407 1484 qua
1428 1435 1484 1479 ng
1511 1421 1623 1483 897.
1652 1433 1796 1480 2325.
1825 1421 1971 1482 2807.
1996 1419 2144 1482 3863.
2171 1421 2322 1486 3869.

329 1503 461 1549 4403
488 1486 544 1534 ad
564 1501 732 1547 4421,;
767 1485 889 1533 visus
913 1485 1037 1533 enim
1061 1485 1307 1534 abstractus
1329 1501 1354 1532 a
1373 1485 1537 1534 talibus
1560 1499 1667 1551 quae
1685 1483 1789 1534 sunt
1812 1485 1994 1542 mundi,
2031 1484 2117 1532 hoc
2138 1486 2220 1543 est,
2255 1488 2326 1536 vi-

327 1554 400 1603 sus
423 1553 642 1617 spritualis
666 1567 758 1599 non
781 1550 901 1601 aliud
936 1551 1001 1600 est
1023 1567 1165 1618 quam
1190 1551 1429 1618 perceptio
1451 1552 1566 1609 veri,
1600 1552 1689 1599 hoc
1712 1550 1794 1608 est,
1828 1551 1991 1601 talium
2014 1565 2124 1614 quae
2142 1551 2245 1602 sunt
2267 1554 2325 1604 fi-

326 1620 421 1676 dei,
455 1630 734 1684 quapropter
770 1632 853 1683 per
892 1617 1047 1666 videre
1083 1617 1131 1666 in
1171 1617 1299 1667 sensu
1340 1620 1522 1666 interno
1552 1634 1645 1666 non
1669 1615 1788 1666 aliud
1824 1617 2324 1681 fignificatur3'sensus

329 1688 458 1735 enim
499 1686 697 1734 internus
737 1683 912 1748 prodit,
947 1700 1057 1734 cum
1092 1683 1410 1734 abstrahuntur
1431 1684 1511 1733 illa
1538 1700 1650 1749 quae
1673 1683 1777 1733 sunt
1809 1685 1996 1742 mundi,
2033 1700 2142 1734 nam
2176 1686 2323 1736 sensus

324 1754 530 1803 internus
552 1752 617 1801 est
641 1750 800 1799 talium
823 1766 930 1817 quae
949 1752 1055 1815 sunt
1074 1751 1182 1800 coeli
1202 1773 1217 1807 ;
1252 1751 1363 1800 Lux
1397 1751 1525 1809 coeli,
1558 1767 1641 1815 per
1662 1765 1805 1815 quam
1828 1750 1948 1799 visus
1972 1751 2054 1807 ibi,
2088 1749 2153 1800 est
2178 1752 2320 1801 Divi·
2364 1778 2367 1783 ,

310 1835 443 1868 ·num
467 1820 644 1868 Verum
668 1834 693 1866 a
717 1818 948 1875 Domino,
985 1817 1073 1866 hoc
1094 1831 1281 1883 apparet
1300 1832 1455 1866 coram
1477 1817 1620 1868 oculis
1641 1816 1911 1880 angelorum
1935 1817 2050 1867 ficut
2073 1817 2175 1875 lux,
2211 1818 2320 1871 mil-

324 1885 408 1934 lies
438 1884 675 1934 candidior
696 1884 797 1934 luce
830 1884 1079 1933 meridiana
1102 1885 1148 1934 in
1173 1884 1367 1942 munde,
1401 1900 1514 1951 quae
1545 1885 1654 1933 Lux
1688 1884 1797 1950 quia
1830 1884 1978 1933 vitam
2011 1886 2059 1934 in
2088 1882 2132 1931 se
2164 1883 2318 1944 habet.

326 1951 498 2009 idcirco
537 1951 746 2001 simulac
774 1950 924 2001 visum
954 1951 1076 2001 oculi
1098 1952 1369 2018 angelorum
1394 1951 1535 1999 etiam
1558 1949 1713 2000 visum
1736 1949 1991 1999 intellectus
2027 1965 2190 2001 eorum
2212 1951 2334 2000 illu-¹

323 2020 487 2077 minat,
520 2019 574 2068 ὅτ
593 2016 700 2066 iacit
717 2018 1120 2083 apperceptionem
1138 2018 1253 2076 veri,
1290 2016 1538 2067 secundum
1555 2029 1782 2083 quantum
1805 2016 1857 2066 δε
1873 2017 2004 2082 quale
2027 2016 2137 2065 boni
2154 2017 2200 2064 in
2218 2033 2317 2082 quo

322 2085 440 2134 sunt.
568 2085 641 2133 uia
666 2084 711 2132 in
737 2084 826 2133 hoc
848 2084 1012 2149 Capite
1032 2085 1079 2133 in
1103 2082 1230 2134 sensu
1255 2085 1434 2135 interno
1455 2086 1610 2148 agitur
1630 2084 1690 2131 de
1707 2083 1796 2132 illis
1817 2098 1925 2159 quae
1945 2083 2047 2132 sunt
2069 2082 2200 2140 fidei,
2236 2085 2313 2134 seu

325 2152 386 2200 de
407 2151 525 2200 veris
594 2150 781 2208 eclesiae,
818 2151 988 2200 idcirco
1011 2151 1059 2200 in
1084 2151 1182 2216 ipso
1213 2150 1349 2221 initio
1382 2149 1520 2216 hujus
1551 2148 1728 2216 Capitis
1760 2149 1946 2208 dicitur,
1980 2147 2118 2207 vidit,
2153 2149 2205 2200 δε
2236 2165 2316 2216 per

325 2217 447 2268 vidit
479 2217 789 2283 significantur
822 2218 898 2265 illa
956 2234 1030 2267 uae
1061 2217 1167 2267 sunt
1199 2218 1326 2268 fidei.

393 2299 541 2348 5401x.
578 2284 745 2349 Jacob,
777 2283 909 2350 quod
951 2285 1159 2348 ignificet
1191 2283 1392 2334 naturale
1423 2283 1577 2348 quoad
1602 2297 1765 2333 verum
1788 2281 1918 2349 quod
1941 2280 2172 2340 Ecclesiae,
2205 2297 2318 2333 con·

320 2349 408 2399 stat
429 2365 487 2398 ex
509 2350 911 2416 repraesentatione
943 2349 1123 2412 Jacobi,
1156 2350 1284 2415 quod
1302 2349 1358 2401 fit
1379 2349 1584 2398 doctrina
1602 2349 1700 2399 veri
1725 2349 1772 2400 in
1795 2347 2009 2408 naturali,
2042 2349 2096 2398 &
2118 2348 2165 2397 in
2189 2349 2317 2403 sensu

321 2417 540 2482 supremo
575 2417 773 2466 Domini
809 2416 1033 2466 Naturale
1054 2417 1210 2483 quoad
1247 2431 1430 2476 verum,
1463 2416 1524 2467 de
1552 2432 1644 2484 qua
1680 2432 1745 2467 n:
1783 2430 1933 2482 3305.
1976 2430 2121 2480 3509.
2145 2480 2153 2485 ἱ
2165 2431 2259 2482 352
2267 2433 2316 2481 5.

323 2499 473 2550 3544·
501 2498 648 2550 3599·
673 2499 822 2548 4009·
853 2488 1001 2549 4538·
1076 2550 1088 2562 ,
1645 2550 1657 2561 ,
1843 2549 1856 2560 ,
1981 2550 1987 2551 f
2298 2547 2311 2559 ,

396 2565 543 2612 5402.
579 2551 723 2614 Qod
747 2550 860 2600 effet
876 2566 1057 2601 annona
1074 2567 1122 2600 m
1140 2551 1372 2618 AEgypto,
1395 2549 1524 2618 quod
1541 2549 1769 2615 fignificet
1783 2563 1994 2598 animum
2016 2547 2315 2613 comparandi

320 2616 404 2666 fibi
443 2631 551 2664 vera
589 2633 673 2681 per
709 2616 969 2676 scientifica,
1001 2633 1113 2683 quae
1144 2617 1404 2683 AEgyptuS‚
1438 2616 1615 2667 constat
1644 2633 1704 2666 ex
1733 2614 2067 2681 significatione
2099 2630 2314 2673 annonae,

321 2682 453 2747 quod
484 2683 573 2732 sint
609 2698 716 2732 vera
738 2681 969 2741 Ecclefiae,
1003 2684 1082 2733 seu
1114 2700 1220 2733 vera
1253 2701 1363 2749 quae
1395 2683 1543 2739 fidei;
1577 2683 1704 2749 quod
1726 2681 2004 2732 abundantia
2025 2697 2222 2729 annonae
2257 2681 2316 2730 fit

321 2748 646 2813 multiplicatio
679 2747 794 2805 veri,
829 2749 1042 2798 videatur
1062 2766 1125 2798 n:
1150 2751 1298 2816 5276;
1331 2753 1480 2813 5280.
1514 2764 1681 2815 52923
1714 2749 1767 2799 δε
1788 2764 1848 2799 ex
1868 2747 2192 2814 significatione
2228 2746 2314 2801 AE-

323 2815 477 2879 gypti,
511 2814 642 2882 quod
665 2814 751 2864 lint
768 2813 1028 2873 scientifica,
1061 2815 1122 2864 de
1172 2832 1232 2866 ua
1252 2832 1315 2865 n:
1345 2817 1655 2879 1164.'1165.
1678 2816 1816 2867 1186.
1849 2815 1970 2874 1462
1993 2833 2010 2868 3
2043 2812 2094 2860 &
2111 2813 2240 2877 quod
2266 2814 2312 2862 in

324 2883 530 2942 genuino
550 2880 670 2931 sensu
689 2882 775 2932 smt
794 2880 1033 2932 scientifica
1053 2881 1150 2933 Ecc
1170 2883 1291 2940 esiae,
1324 2882 1535 2934 videatur
1555 2899 1613 2932 n:
1638 2898 1788 2948 4749.
1808 2881 1958 2945 4964.
1983 2879 2115 2942 4966
2135 2899 2149 2934 ς
2185 2878 2314 2945 quod

323 2947 604 3009 significetur
624 2948 802 2998 animus
823 2948 1120 3014 comparandi
1143 2949 1228 3000 fibi
1249 2949 1345 3007 illa,
1381 2948 1653 3008 involvitur,
1685 2961 1736 2998 ut
1758 2958 1882 3013 patet
1901 2961 1927 2992 a
1950 2959 2062 2993 mox
2084 2945 2312 3011 sequenti-

323 3013 422 3062 bus.
494 3013 581 3061 Per
605 3013 843 3067 scientifica
859 3031 966 3081 quae
982 3014 1220 3074 Ecclefiae,
1253 3030 1361 3085 quae
1376 3016 1451 3064 hic
1468 3015 1569 3065 sunt
1587 3016 1839 3078 AEgyptt182
1873 3011 2191 3075 intelliguntur
2207 3027 2311 3061 om·

322 3096 400 3128 nes
423 3079 710 3142 cognitiones
729 3081 825 3130 veri
848 3081 1049 3138 achoni,
1083 3093 1329 3145 antequam
1352 3080 1611 3145 conjunctae
1625 3079 1727 3128 sunt
1742 3094 1852 3139 cum
1875 3077 2078 3126 interiori
2102 3078 2310 3137 homine,

321 3146 395 3194 seu
415 3153 495 3210 per
513 3146 771 3194 interiorem
790 3147 1031 3197 hominem
1047 3162 1158 3198 cum
1178 3147 1316 3204 coele,
1354 3162 1405 3196 ac
1425 3149 1486 3196 ita
1499 3161 1582 3212 per
1601 3146 1779 3196 coelum
1796 3159 1903 3193 cum
1921 3143 2134 3194 Domino
2151 3165 2168 3200 3
2203 3144 2314 3201 doc-

319 3211 493 3262 trinalia
517 3211 733 3264 Ecclesiae
750 3214 800 3281 ὃς
824 3211 921 3281 ejus
950 3213 1162 3285 ritualia,-
1179 3212 1613 3284 utet-'cognitiones
1629 3211 1759 3279 *quid
1780 3212 1834 3281 §c
1853 3210 2097 3279 quomodo
2119 3209 2219 3327 lisaec
2240 3226 2310 3259 re-

532 3305 536 3309 -
2012 3302 2014 3304 >
2036 3292 2136 3344 prae
2154 3287 2310 3329 entant
