2606 3646
323 147 495 258 193⁴
732 166 791 236 G
930 112 1611 254 EiN'EAS
1739 159 2024 242 IS.

318 311 423 345 nere
455 296 515 344 illi
540 296 618 346 sol-i
642 297 692 347 δε
714 298 800 347 illis'
824 299 942 359 solis,
978 300 1106 366 quod
1130 301 1185 350 fit
1208 301 1455 368 separatim
1490 301 1542 351 δε
1563 302 1671 367 quia
1695 316 1776 368 per
1796 300 2326 369 Josephumrepiaesen}

319 376 446 411 tatur
469 365 719 421 Internum,
756 367 806 413 &
836 383 914 431 per
944 368 1108 416 decem
1131 368 1249 430 filios
1285 367 1453 417 Israelis
1476 381 1738 426 externum,
1774 385 1834 417 n:
1861 369 2010 432 5469,
2048 370 2215 419 idcirco
2238 385 2320 434 per

321 430 397 477 illa
423 432 558 479 verba
579 433 853 494 significatur
876 435 1106 498 separatio
1144 435 1310 483 Interni
1345 435 1404 483 ab
1437 434 1642 484 Externo
1675 434 1750 484 sed
1784 447 2020 500 apparenS,
2055 435 2165 502 quia
2189 436 2322 486 dedit

322 497 411 544 illis
435 498 591 546 cibum
617 515 671 545 ex
699 500 774 547 sua
798 502 965 557 mensa,
1002 502 1228 550 mittendo
1251 501 1418 566 cuique
1443 502 1690 565 portiones.
1852 534 1862 537 —

394 579 539 627 5700.
578 566 642 612 Et
660 566 862 629 AEgytiis
896 568 1243 616 comedentibus
1278 583 1387 616 cum
1422 583 1478 614 eo
1516 567 1636 626 solis,
1654 567 1798 633 -quod
1834 568 2056 632 significet
2090 569 2326 635 separatio·
2359 623 2363 625 μ

324 645 429 676 nem
454 632 814 691 scientificorum,
851 651 960 698 quae
980 635 1023 680 in
1040 636 1217 686 inverso
1239 634 1415 690 ordine,
1450 635 1698 684 constat-ex
1722 635 2322 702 repraeientatione-AEgyp-

323 709 515 752 trorum,
552 699 675 762 quod
703 699 786 748 sint
811 699 1053 749 scientifica
1075 714 1184 764 quae
1209 702 1254 750 in
1281 700 1458 749 inverso
1481 701 1661 758 ordine,
1696 700 1756 750 de
1777 716 1867 766 qua
1893 701 2166 766 sequitur&
2188 721 2214 752 a
2236 705 2326 767 sig-

324 763 585 811 nificatione
620 767 968 814 comedentibus
992 783 1098 815 cum
1124 785 1197 824 eo,
1237 768 1355 824 solis,
1390 768 1518 833 quod
1540 769 1592 817 fit
1622 770 1859 832 separatio,
1896 782 1947 815 ut
1972 784 2086 817 mox
2107 769 2246 834 supra,
2265 787 2326 820 n:

326 831 470 893 5699.
542 831 627 877 Per
654 832 902 896 AEgyptios
927 835 1216 884 comedentes
1239 852 1348 883 cum
1372 850 1442 890 eo,
1479 834 1797 899 intelliguntur
1822 833 2041 898 AEgyptii
2062 835 2325 900 quicome-

325 896 494 944 debant
517 898 640 961 apud
657 898 932 963 Josephum,
969 901 1213 965 quod'non
1237 918 1342 950 cum
1369 900 1574 965 Josepho
1596 902 1905 956 comederent,
1943 913 2088 965 patet,
2122 901 2230 967 quia
2251 918 2330 952 co·-

327 963 572 1011 medebant
605 964 698 1012 soli.
771 967 856 1014 Per
878 969 1161 1032 AEgyptum,
1197 967 1270 1015 seu
1292 984 1371 1032 per
1395 968 1647 1032 AEgyptios
1664 971 1711 1017 in
1726 970 1859 1030 bono
1872 969 1997 1016 sensu
2016 968 2328 1031 fignificantur
2379 1020 2383 1026 ,

326 1029 571 1079 scientifica
589 1031 819 1089 Ecclesiae,
845 1035 1055 1081 videatur
1073 1051 1130 1081 n:
1158 1035 1298 1093 1462.
1318 1051 1467 1097 4749.
1488 1035 1636 1099 4964.
1653 1035 1803 1098 4966,
1840 1035 2179 1100 at-inroppofito
2199 1035 2349 1085 sensu-

326 1111 407 1160 per
431 1097 534 1144 illos
562 1096 874 1158 significantur
897 1099 1137 1147 scientifica
1161 1116 1266 1164 quae
1291 1101 1335 1148 in
1362 1101 1541 1148 inverso
1562 1100 1723 1148 ordine
1741 1102 1868 1159 sunt,
1891 1103 1959 1150 ita
1974 1110 2081 1164 quae
2100 1103 2202 1150 sunt
2222 1119 2332 1150 con-

330 1177 396 1209 tra
421 1179 525 1210 vera
551 1163 784 1221 Ecclefiae‚
823 1183 883 1213 n:
929 1167 1068 1228 1164.
1101 1167 1411 1229 1165.·1186‚
1447 1167 1494 1213 in
1521 1166 1608 1222 hoc
1637 1166 1760 1215 sensu
1787 1180 2067 1217 memoratur
2088 1169 2346 1234 AEgyptus-

331 1230 540 1293 pluribus
564 1230 610 1276 in
638 1231 746 1278 locis
771 1233 817 1279 in
835 1232 1028 1282 Verbo:
1064 1234 1199 1298 quod·
1219 1233 1457 1298 AEgypt-us
1484 1232 1558 1281 illa
1593 1234 1832 1285 scientifica
1866 1230 2109 1301 significet,
2143 1235 2208 1284 cst
2227 1237 2334 1300 quia

327 1296 573 1345 scientifica
585 1296 804 1347 Ecclesiae
840 1298 1087 1364 Antiquae,
1123 1315 1228 1365 quae
1256 1300 1443 1348 fuerunt
1465 1300 1831 1364 repraesentativa
1848 1301 2219 1364 &significativa
2239 1317 2335 1351 coe-

329 1362 512 1411 lestium
529 1364 579 1412 ὅτ
603 1363 927 1428 spiritualium,
962 1383 1070 1432 quae
1092 1368 1222 1431 apud
1234 1366 1336 1414 illos
1354 1367 1458 1432 plus
1478 1383 1619 1432 quam
1643 1368 1768 1431 apud
1793 1367 1904 1417 alios
1924 1369 2109 1417 exculta
2133 1367 2335 1428 fuerunt,

332 1442 561 1478 verterant
582 1431 629 1478 in
654 1431 852 1495 magica,
889 1432 995 1481 inde
1013 1433 1257 1482 scientifica
1277 1430 1493 1482 Ecclefiae
1516 1435 1896 1498 repraesentativae
1923 1435 2103 1498 prorsus
2139 1435 2336 1485 inverte-

334 1509 467 1552 runt·,
503 1499 550 1544 in
569 1495 748 1546 inverso
773 1499 932 1547 ordine
953 1499 1171 1548 dicuntur
1184 1501 1272 1548 effe
1291 1500 1549 1564 scientifica,
1572 1502 1761 1564 quando
1775 1501 2054 1550 abuntuntur
2065 1502 2226 1550 ordine
2241 1519 2337 1552 coe-

329 1563 425 1612 lesti
445 1563 502 1611 ad
520 1564 779 1613 laciendum
799 1566 994 1623 malum,
1019 1567 1135 1615 ordo
1154 1567 1278 1615 enim
1292 1567 1487 1616 coelestis
1503 1568 1554 1615 &
1573 1580 1622 1616 ut
1646 1568 1826 1617 bonum
1844 1569 1924 1633 fiat
1943 1568 2190 1624 omnibus;
2225 1570 2337 1619 inde

332 1633 388 1680 fit
410 1645 515 1678 cum
544 1632 807 1680 inverterint
830 1632 890 1680 ita
912 1633 1125 1682 ordinem
1149 1633 1408 1691 coelestem,
1443 1633 1569 1698 quod
1601 1634 1795 1682 demum
1831 1647 2001 1698 negent
2027 1635 2222 1694 Divina,
2259 1636 2349 1685 illa-

336 1713 447 1762 quae
464 1698 594 1755 coeli,
629 1698 955 1764 consequenter
971 1715 1077 1765 quae
1092 1700 1317 1749 charitatis
1336 1702 1385 1750 &
1402 1701 1514 1749 fidei
1528 1699 1629 1748 sunt
1649 1735 1662 1755 ,
1698 1701 1779 1766 qui
1800 1701 1909 1750 tales
1926 1700 2030 1748 faeti
2051 1701 2168 1758 sunt,
2193 1702 2340 1753 sciunt

332 1779 390 1812 ex
411 1763 662 1812 scientificis
679 1765 835 1814 acriter
849 1768 899 1815 &
918 1765 1100 1815 solerter
1119 1767 1390 1823 ratiocinari,
1424 1767 1536 1833 quia
1555 1767 1880 1817 ratiocinantur
1896 1783 1953 1817 ex
1971 1766 2262 1828 sensualibus,
2283 1771 2338 1820 δι’

334 1830 590 1879 ratiocinari
607 1847 663 1879 ex
682 1831 972 1891 sensualibus,
1007 1833 1071 1882 est
1088 1850 1147 1883 ex
1166 1834 1327 1883 talibus
1344 1851 1454 1899 quae
1471 1846 1653 1883 externa
1672 1833 1698 1882 s
1693 1846 1790 1893 unt,
1826 1837 1996 1899 nempe
2013 1849 2120 1897 quae
2137 1838 2351 1901 corporis¹

334 1898 389 1946 &
416 1897 596 1955 mundi,
631 1915 740 1963 quae
764 1900 1029 1948 immediate
1053 1912 1282 1965 occupant
1305 1901 1452 1951 sensus
1471 1902 1720 1950 &animos
1740 1900 1970 1957 hominis3
2005 1902 2111 1950 talia
2135 1902 2217 1951 nist
2236 1902 2346 1952 illu-

335 1965 508 2012 minata
530 1963 699 2013 fuerint
728 1982 753 2014 a
780 1968 879 2015 luce
911 1967 1034 2026 coeli,
1069 1969 1122 2016 ὅτ
1159 1969 1218 2017 sie
1242 1969 1291 2017 in
1323 1966 1500 2034 prorsus
1523 1967 1667 2017 alium
1690 1970 1901 2017 ordinem
1924 1968 2155 2032 dispofita,
2193 1969 2239 2017 in
2264 1970 2352 2020 tali·

335 2031 528 2081 obscuro
552 2045 733 2096 ponunt
757 2033 999 2084 hominem
1035 2034 1190 2101 quoad
1217 2035 1451 2093 coelestia,
1476 2046 1527 2084 ut
1554 2051 1646 2084 non
1672 2034 1817 2084 solum
1842 2035 1957 2083 nihil
1979 2051 2140 2085 eorum
2172 2036 2344 2100 capiat,

337 2097 413 2145 sed
436 2098 575 2147 etiam
598 2099 777 2162 prorsus
801 2113 959 2164 neget,
996 2102 1048 2150 ὅτ
1074 2101 1256 2151 tandem
1281 2101 1468 2166 rejiciat,
1502 2118 1553 2150 ac
1585 2113 1695 2150 tunc
1716 2112 1941 2168 quantum
1966 2102 2090 2159 licet,
2126 2101 2338 2166 blasphe-

338 2176 460 2213 met:
498 2164 740 2215 scientifica
771 2183 878 2217 cum
921 2168 967 2216 in
1002 2169 1163 2217 ordine
1198 2169 1319 2227 sunt,
1356 2168 1570 2234 disposita
1609 2168 1710 2217 sunt
1746 2185 1771 2216 a
1801 2168 2013 2217 Domino
2052 2169 2101 2216 in
2138 2167 2339 2221 formam

338 2231 451 2279 coeli
472 2252 486 2287 ς
522 2243 566 2278 at
587 2248 695 2280 cum
719 2232 961 2283 scientifica
983 2235 1029 2283 in
1054 2235 1231 2284 inverso
1269 2236 1431 2284 Ordine
1455 2235 1577 2292 sunt,
1609 2234 1825 2300 dispofita
1849 2235 1949 2283 sunt
1977 2235 2026 2283 in
2049 2235 2246 2284 formam
2271 2236 2343 2286 in-

340 2296 478 2354 ferni,
511 2298 563 2346 &
586 2310 693 2347 tunc
716 2299 942 2349 falfiffima
966 2300 1013 2350 in
1050 2301 1209 2350 medio
1231 2301 1351 2359 sunt,
1386 2302 1437 2351 &
1471 2317 1580 2366 quae
1602 2300 1680 2349 illa
1710 2298 1987 2350 confirmant
2025 2301 2080 2348 ad
2105 2303 2259 2361 latera,
2293 2315 2344 2354 at

342 2380 452 2412 vera
472 2364 575 2412 sunt
593 2377 735 2424 extra,
758 2368 810 2416 &
823 2367 932 2432 quia
953 2379 1081 2417 extra
1104 2367 1226 2425 sunt,
1250 2384 1340 2417 non
1357 2366 1828 2424 communicationem
1852 2367 2015 2416 habere
2032 2369 2217 2432 poffunt
2232 2385 2342 2420 curn

341 2432 484 2488 coe10‚
521 2431 602 2479 ubi
624 2447 731 2481 vera
755 2445 982 2498 regnant;
1015 2448 1294 2501 quapropter
1329 2435 1419 2485 illis
1449 2434 1595 2486 clausa
1626 2433 1729 2485 sunt
1760 2436 1991 2494 interiora,
2026 2449 2135 2484 nam
2173 2451 2253 2502 per
2275 2437 2346 2487 in-

345 2498 507 2546 teriora
533 2511 657 2563 patet
679 2500 869 2550 coelum.
978 2480 1038 2566 Φ,
1069 2534 1078 2541 -

415 2579 562 2626 570¹·
599 2566 723 2630 Qia
746 2583 837 2615 non
861 2566 1047 2631 poffunt
1066 2566 1284 2634 AEgyptii
1323 2569 1565 2618 comedere
1599 2584 1707 2618 cum
1733 2566 1951 2618 Hebraeis
1990 2583 2178 2637 panem,
2211 2567 2343 2635 quod

346 2630 576 2694 fignificet
597 2633 724 2695 quod
749 2649 1039 2699 nequaquam
1061 2650 1170 2683 cum
1192 2651 1305 2687 vero
1328 2637 1379 2684 δε
1398 2637 1524 2685 bono
1547 2635 1781 2692 Ecclefiae,
1821 2634 1997 2683 constat
2021 2652 2081 2685 ex
2102 2635 2345 2701 repraesen-

347 2698 521 2754 tatione
544 2697 899 2764 AEgyptiorum,
934 2700 1058 2764 quod
1099 2702 1188 2749 lint
1225 2704 1309 2767 qui
1355 2702 1404 2751 in
1444 2702 1622 2752 inverso
1657 2702 1838 2761 ordine,
1872 2702 1937 2755 ita
1976 2702 2025 2750 in
2061 2703 2184 2751 malo
2218 2703 2344 2752 &in

347 2762 475 2820 falso,
509 2763 567 2812 de
589 2781 676 2828 qua
701 2780 810 2813 mox
835 2766 962 2831 supra
987 2783 1016 2813 n
1036 2785 1047 2815 ε
1087 2782 1217 2835 5700
1239 2790 1254 2824 ;
1289 2784 1348 2817 ex
1371 2769 1700 2832 significatione
1723 2768 1964 2817 comedere
1987 2769 2172 2833 panem,
2208 2769 2339 2833 quod
2386 2788 2389 2790 ·

347 2829 402 2878 fit
423 2829 657 2895 conjungi,
679 2831 739 2880 de
760 2849 852 2897 qua
872 2832 1010 2881 etiam
1034 2833 1163 2898 supra
1186 2851 1240 2883 n:
1264 2835 1390 2900 5698
1414 2857 1428 2891 ;
1452 2837 1502 2884 &
1520 2851 1577 2886 ex
1602 2833 1994 2900 repraesentatione
2010 2834 2344 2903 Hebraeorum,

347 2897 478 2960 quod
503 2897 587 2944 fint
610 2898 693 2960 qui
733 2901 779 2946 in
803 2899 1006 2963 genuino
1029 2899 1208 2961 urdine,
1245 2901 1306 2950 ita
1340 2904 1387 2950 in
1409 2917 1522 2952 vero
1557 2902 1608 2952 ὅτ
1642 2902 1766 2951 bono
1801 2901 2047 2956 Ecclefiae;
2097 2901 2224 2967 quod
2264 2916 2346 2967 per

352 2975 520 3014 ternam
556 2963 869 3015 Hebraeorum
914 2966 1190 3029 fignificetur
1229 2967 1444 3027 Ecclesia,
1494 2969 1704 3017 videatur
1742 2984 1801 3017 n:
1827 2967 1974 3032 5136.
1999 2969 2148 3032 5236,
2180 2968 2231 3017 &
2255 2968 2346 3020 hoe

345 3029 457 3093 quia
481 3029 680 3078 Ecclesia
703 3032 908 3081 Hebraea
932 3032 1021 3080 fuit
1052 3034 1186 3083 altera
1218 3034 1414 3084 Ecclesia
1436 3035 1664 3101 Antiqua,
1715 3050 1778 3089 m
1830 3036 1974 3097 1238.
2018 3049 2160 3096 1241.
2199 3052 2342 3100 1343.

342 3095 600 3144 Comedere
625 3113 790 3160 panem
814 3098 996 3156 dicitur,
1031 3100 1082 3148 δε
1105 3100 1240 3165 supra
1272 3103 1434 3167 ponite
1458 3116 1645 3165 panem,
1677 3100 1785 3166 quia
1807 3114 1890 3164 per
1919 3114 2090 3165 panem
2122 3101 2347 3177 fignifica-

346 3173 423 3208 tur
445 3161 596 3211 omnis
618 3164 745 3213 cibus
771 3165 815 3213 in
843 3180 1008 3228 genere
1055 3183 1115 3214 n:
1143 3167 1294 3228 2165,
1348 3167 1410 3216 ita
1437 3167 1785 3223 commefl‘ati03
1816 3166 1944 3214 causa
1984 3167 2112 3232 quod
2153 3184 2232 3232 per
2268 3186 2369 3234 pa·-

343 3243 451 3277 nem
486 3227 764 3295 fignificetur
797 3233 949 3282 omnis
978 3232 1105 3283 cibus
1129 3234 1179 3285 δι
1205 3231 1302 3301 ipsa
1324 3233 1657 3295 commeffati0‚
1679 3232 1744 3287 est
1765 3232 1877 3300 quia
1898 3233 2029 3301 panis
2051 3235 2099 3284 in
2124 3234 2347 3303 spirituali

2204 3301 2334 3370 tensa
