2606 3646
321 215 635 315 CAPUT
682 212 1534 318 QUADRAGESIMUM
1587 215 2062 289 TERTruM.
2118 237 2244 310 179

260 351 420 402 nificat
439 346 820 400 introductionem
846 348 1045 412 primam
1070 346 1116 395 in
1142 348 1314 396 bonum
1339 347 1465 414 quod
1489 364 1515 395 a
1537 346 1706 396 coelesti
1742 346 1998 412 spiritualis,
2034 347 2244 395 videatur

263 418 378 468 infra
398 433 430 464 n
451 432 462 462 ε
500 413 631 476 5645
651 435 666 469 ς
700 413 808 478 quia
822 413 1044 476 juvencus
1067 415 1115 463 δι
1139 415 1222 463 bos
1244 415 1560 477 fignificabant
1577 415 1696 463 bona
1722 414 1949 471 naturalis,
1983 415 2122 462 etiam
2140 429 2242 463 om-

256 485 331 536 nis
351 499 382 531 o
443 481 557 529 ratio
578 479 861 542 fignificabat
878 481 1057 530 bonum
1083 481 1215 539 illud,
1250 498 1395 530 unum
1430 482 1558 529 enim
1582 481 1844 529 involvebat
1865 481 2074 529 alterum.

325 497 475 612 5622.
512 546 637 610 Qia
660 562 845 596 mecum
861 548 1105 596 comedent
1121 548 1210 596 viri
1232 547 1279 596 in
1304 548 1510 606 meridie,
1527 547 1653 613 quod
1667 547 1892 610 fignificet
1914 548 2040 613 quod
2056 545 2246 610 conjun-

244 676 246 680 γ
260 627 426 680 gentur
438 613 628 679 quando
640 628 745 662 cum
764 614 937 673 medio,
952 614 1126 662 constat
1142 629 1201 663 ex
1217 614 1546 685 fignificatione
1559 615 1816 669 comedere,
1826 615 1951 678 quod
1969 615 2024 662 iit
2033 627 2137 661 com
2144 629 2246 660 mu-

256 683 412 739 nicari,
435 680 673 744 conjungi,
696 681 747 729 δε
769 681 1068 746 appropriari,
1091 682 1149 730 de
1171 697 1264 746 qua
1286 697 1315 728 n
1336 698 1347 727 z
1375 683 1519 746 2187.
1545 697 1692 744 2343.
1719 680 1863 744 3168.
1890 696 2017 744 3513
2042 680 2074 728 f.
2096 679 2242 743 3596.

261 749 390 815 3882
416 769 431 803 ;
465 748 515 795 &
551 747 662 812 quia
693 760 818 795 erant
840 763 947 795 cum
983 748 1139 796 medio
1161 747 1401 811 spirituali,
1433 747 1559 811 quod
1585 747 1841 811 Benjamin‚
1879 763 1936 795 n:
1976 748 2100 810 5638
2126 768 2140 800 ·‚
2175 749 2246 793 di-

260 816 377 864 citur
401 815 446 861 in
466 813 672 871 meridie,
708 829 815 862 nam
839 814 1051 861 meridies
1070 813 1294 876 fignificat
1317 814 1481 862 statum
1504 813 1637 871 lucis,
1674 814 1735 862 ita
1759 813 1925 862 statum
1950 812 2247 877 spiritualem,

259 882 342 946 qui
365 896 446 944 per
469 879 697 937 medium,
732 896 794 928 n:
838 884 979 941 1458.
1007 883 1152 944 3708.
1788 932 1790 934 ,
2162 931 2183 934 ,-

332 947 479 1010 5644.
515 945 581 993 Et
601 945 711 994 fecit
732 947 806 993 vir
829 947 1231 1011 quemadmodum
1254 946 1372 995 dixit
1394 946 1588 1011 Joseph,
1620 945 1749 1012 quod
1788 945 2012 1009 significet
2033 944 2252 994 effectua-

263 1015 410 1067 tioem
431 1012 605 1060 constat
627 1011 795 1076 absque
815 1012 1129 1077 explicatione.
1583 1050 1586 1053 .

324 1081 478 1144 5645.
513 1077 580 1126 Et
599 1078 794 1127 adduxit
819 1079 889 1125 vir
919 1080 1040 1126 viros
1073 1080 1267 1128 domum
1294 1079 1503 1145 Josephi‚
1540 1078 1669 1144 quod
1688 1078 1913 1140 fignificet
1945 1077 2252 1128 introdufflo-

258 1163 373 1197 nem
402 1145 601 1210 primam
647 1145 695 1192 in
733 1146 911 1194 bonum
942 1145 1071 1209 quod
1092 1162 1119 1194 a
1140 1146 1315 1194 coelesti
1349 1146 1608 1211 spiritualis,
1643 1145 1817 1193 constat
1840 1161 1897 1192 ex
1919 1146 2253 1207 significatione

258 1214 509 1268 adducere,
545 1211 672 1276 quod
712 1211 766 1259 fit
806 1212 1106 1269 introduCtiQ
1143 1225 1195 1261 ut
1222 1211 1355 1276 supra
1378 1229 1440 1259 n:
1479 1213 1644 1275 5640·,
1678 1228 1736 1259 ex
1770 1211 2098 1275 significatione
2138 1214 2256 1262 filio-

267 1297 372 1331 rum
395 1278 578 1343 Jacobi,
611 1279 739 1343 quod
773 1278 858 1326 fint
893 1294 998 1325 vera
1036 1278 1254 1327 Eccleliae
1287 1279 1335 1326 in
1359 1279 1578 1335 naturali,
1612 1278 1671 1325 de
1704 1294 1795 1342 qua
1825 1295 1884 1324 n:
1922 1295 2069 1340 5403.
2109 1295 2253 1346 5419.

244 1362 418 1413 5427.
445 1345 590 1407 5428.
616 1359 784 1406 5512;
819 1360 877 1391 ex
912 1344 1240 1406 significatione
1276 1345 1459 1401 domus,
1494 1345 1623 1410 quod
1657 1344 1713 1392 fit
1746 1345 1940 1400 bonum,
1975 1346 2034 1392 de
2067 1362 2160 1409 qua
2196 1364 2255 1394 n:

264 1416 419 1479 3652.
446 1425 594 1475 3720.
617 1412 769 1473 4982,
806 1409 911 1458 inde
940 1411 1078 1458 etiam
1107 1410 1272 1459 domus
1309 1410 1375 1458 est
1396 1410 1613 1467 Ecclefia,
1647 1424 1876 1473 n23720‚
1912 1427 2018 1459 nam
2056 1412 2255 1463 Ecclesia

263 1481 332 1530 est
369 1472 569 1527 Ecclesia
611 1492 638 1524 a
661 1477 817 1531 bono;
868 1477 920 1524 &
943 1493 1002 1525 ex
1040 1476 1432 1541 repraesentatione
1459 1475 1672 1541 Josephi‚
1709 1478 1837 1541 quod
1868 1478 1922 1524 fit
1954 1478 2139 1526 coeleste
2164 1480 2255 1544 spi-

267 1545 458 1601 ritualis,
493 1543 550 1591 de
572 1558 664 1607 qua
687 1542 807 1609 saepe
831 1543 955 1606 prius
976 1564 992 1600 ς
1029 1558 1088 1591 ex
1109 1543 1277 1608 quibus
1299 1555 1444 1608 patet,
1481 1545 1608 1609 quod
1630 1559 1712 1607 per
1729 1543 1923 1592 adduxit
1940 1546 2011 1592 vir
2029 1546 2149 1593 viros
2172 1548 2260 1594 do-

268 1628 410 1663 mum
444 1609 652 1673 Josephi‚
688 1609 964 1672 fignificetur
995 1610 1126 1676 quod
1160 1611 1557 1660 introducerentur
1576 1627 1689 1659 vera
1714 1610 1758 1658 in
1783 1611 1966 1659 naturali
2004 1611 2048 1659 in
2084 1612 2261 1665 bonum

272 1679 402 1746 quod
436 1694 463 1726 a
494 1674 671 1724 coelesti
702 1675 957 1740 spiritualis.
1028 1676 1173 1742 Qod
1207 1677 1489 1726 introduffio
1523 1678 1675 1741 prima
1712 1677 1782 1734 fit,
1817 1693 1924 1742 quae
1957 1677 2261 1739 significatur,

272 1745 341 1796 est
363 1744 472 1811 quia
495 1758 618 1791 nunc
641 1741 791 1790 solum
815 1743 1118 1792 comedebant
1139 1744 1264 1807 apud
1289 1744 1566 1808 Josephum,
1601 1745 1652 1792 δε
1676 1759 1770 1792 non
1793 1759 2080 1807 agnoverunt
2105 1746 2257 1804 illum,

275 1829 359 1879 per
383 1811 431 1860 id
455 1808 722 1873 conjunctio
743 1810 1007 1859 communis
1029 1809 1325 1872 significatur,
1359 1827 1467 1876 quae
1491 1809 1756 1873 conjunctio
1778 1811 1843 1858 est
1865 1810 2148 1860 introductio
2171 1815 2265 1877 pri-

277 1896 375 1935 ma,
411 1876 562 1926 influit
594 1876 720 1924 enim
756 1888 866 1925 tunc
898 1877 1213 1925 communiter
1246 1892 1409 1925 verum
1444 1894 1471 1926 a
1504 1877 1702 1933 Divino,
1748 1893 1832 1925 nec
1865 1877 2183 1939 cognoscitur3
2219 1894 2266 1928 at

277 1961 393 1994 cum
417 1943 727 2010 appercipitur
761 1959 925 1992 verum
949 1944 1079 2009 quod
1104 1943 1276 2002 influit,
1312 1957 1422 1993 tunc
1446 1944 1509 1992 est
1532 1942 1797 2004 conjunctio
1834 1944 1989 2000 altera,
2029 1961 2136 2009 quae
2155 1963 2266 1995 con-v

268 2010 471 2126 ᾗὲιηξὶίοΓ
492 2010 772 2072 significatur
801 2026 883 2076 per
905 2011 1031 2075 quod
1070 2009 1303 2076 Josephus
1335 2011 1379 2059 se
1416 2009 1722 2059 manifestaret
1760 2009 1987 2070 fratribuS‚
2023 2013 2082 2060 de
2106 2030 2195 2078 qua
2219 2014 2266 2061 in

279 2115 285 2118 -
326 2093 352 2126 a
407 2095 419 2125 ε
462 2093 485 2124 e
541 2094 552 2124 :
575 2091 686 2127 XLV.

337 2093 522 2208 {6465
536 2143 680 2191 Vers:
713 2147 786 2193 18.
819 2160 891 2208 ¹9·
921 2160 1000 2195 20.
1027 2160 1104 2194 21.
1133 2160 1211 2194 22.
1239 2160 1317 2210 23.
1388 2147 1452 2195 Et
1490 2147 1724 2194 timuerunt
1746 2146 1839 2193 viri
1858 2145 1965 2209 quod
1998 2146 2173 2195 addub't'i
2193 2146 2269 2194 do·-

277 2228 397 2262 mum
437 2210 624 2274 Jostphi,
659 2209 718 2259 δέ’
748 2209 964 2268 dixerunt,
981 2213 1118 2276 super
1148 2212 1328 2261 verbum
1363 2217 1533 2277 argenti
1571 2211 1734 2261 reducti
1757 2214 1800 2259 in
1823 2213 2016 2260 manticis
2053 2214 2199 2274 nostris
2224 2218 2268 2261 in

283 2280 406 2328 initio
426 2293 500 2325 nos
522 2276 791 2334 adducimur,
825 2277 886 2326 ad
905 2277 1208 2327 devolvendum
1216 2279 1350 2343 super
1371 2296 1461 2337 nos,
1498 2278 1554 2328 ἘΒ
1577 2278 1638 2326 ad
1655 2277 1951 2344 conjiciendum
1960 2278 2007 2341 se
2019 2282 2153 2342 super
2182 2298 2270 2336 nos,

280 2343 345 2396 t&
374 2343 440 2392 -ad
436 2342 692 2408 sumendum
730 2360 804 2391 nos
827 2344 888 2392 ad
895 2346 1061 2408 servos,
1096 2345 1153 2396 δέ’
1189 2345 1321 2406 asinos
1355 2346 1522 2410 nestros.
1592 2347 1655 2394 Et
1677 2343 1929 2409 accefferunt
1952 2345 2011 2392 ad
2029 2350 2174 2407 virum
2198 2351 2270 2410 qui

272 2413 415 2478 super
437 2409 554 2459 domo
573 2411 767 2474 Josephi‚
802 2410 858 2460 ἔθ’
879 2413 1043 2475 ioquuti
1063 2411 1125 2460 ad
1143 2413 1263 2462 illum
1285 2413 1380 2476 ostio
1400 2412 1559 2462 domus.
1632 2413 1694 2460 Et
1718 2411 1930 2469 dixerunt,
1968 2414 2013 2460 in
2031 2429 2094 2459 me
2113 2411 2272 2461 domine

290 2480 367 2536 mi,
401 2476 669 2540 descendendo
690 2476 967 2539 desitendimus
983 2480 1028 2526 in
1051 2480 1172 2527 initio
1195 2477 1255 2526 ad
1273 2479 1486 2528 emendum
1508 2479 1660 2527 cibum.
1735 2479 1800 2525 Et
1809 2480 1997 2541 fabium,
2035 2495 2127 2526 cum
2151 2484 2272 2529 veni-

292 2560 435 2593 remus
456 2541 516 2590 ad
540 2543 837 2606 diversorium,
876 2543 934 2593 &
955 2548 1199 2606 aperuimus
1223 2548 1431 2594 manticas
1453 2546 1629 2607 nostras,
1649 2543 1707 2592 {9³
1725 2559 1812 2590 ecce
1834 2555 2059 2608 argentum
2084 2546 2270 2609 cujusvis

292 2613 341 2662 in
363 2627 435 2659 ore
455 2611 651 2658 manticoe
660 2610 772 2673 sicce,
804 2619 1027 2674 argentum
1048 2612 1230 2674 nostrum
1244 2615 1289 2660 in
1305 2611 1484 2675 pondere
1495 2613 1591 2675 suo,
1628 2610 1684 2659 Cr?
1702 2610 1938 2658 reducimus
1958 2610 2065 2659 illud
2086 2613 2130 2658 in
2143 2629 2272 2661 manu

294 2678 452 2740 nostra.
520 2676 585 2723 Et
606 2687 830 2741 argentum
852 2679 1034 2726 alterum
1055 2677 1291 2741 descendere
1298 2680 1489 2742 facimus
1510 2681 1554 2726 in
1575 2693 1705 2725 manu
1726 2677 1864 2737 nostra
1892 2677 1950 2724 ad
1981 2677 2191 2726 emendum
2216 2684 2275 2726 ci-

294 2745 414 2800 bum,
448 2759 527 2791 non
538 2743 697 2806 scimus
716 2746 810 2807 quis
819 2746 964 2807 postlit
985 2755 1207 2808 argentum
1231 2744 1413 2806 nostrum
1436 2747 1480 2793 in
1502 2746 1697 2792 manticis
1720 2744 1882 2804 nostris.
1954 2745 2014 2791 Et
2029 2744 2153 2801 dixit,
2184 2760 2275 2809 pax

295 2811 433 2866 vobis,
467 2825 519 2858 ne
540 2810 743 2865 timeatis,
777 2811 898 2859 Deus
919 2811 1071 2871 vester,
1107 2812 1163 2860 ἐξ
1176 2813 1300 2860 Deus
1313 2814 1458 2875 patris
1474 2811 1605 2875 vestri
1627 2810 1738 2859 dedit
1759 2811 1880 2857 vobis
1903 2810 2182 2873 absconditum
2206 2814 2278 2860 do-

295 2894 399 2926 num
416 2879 462 2924 in
478 2877 674 2923 manticis
705 2875 873 2936 vestris,
909 2887 1131 2940 argentum
1155 2878 1342 2941 vestrum
1365 2881 1484 2926 venit
1514 2876 1574 2924 ad
1592 2892 1656 2924 me
1672 2895 1687 2923 .·
1722 2876 1776 2924 &
1800 2877 1942 2923 eduxit
1968 2876 2027 2923 ad
2046 2878 2137 2925 illos
2161 2879 2278 2926 Schi-

264 3006 267 3007 ⁷
291 2959 498 2995 anconem.
567 2941 633 2989 Et
671 2941 924 2990 timuerunt
947 2945 1049 2999 viri,
1084 2940 1310 3007 fignificat
1334 2945 1646 2993 retm&ionem
1669 2962 1680 2990 :
1717 2944 1846 3007 quod
1871 2943 2054 2989 adducti
2081 2944 2274 2992 domum

295 3010 515 3078 Josephi‚
549 3008 787 3070 fignificat.
814 3008 942 3074 quod
976 3024 1079 3056 vera
1116 3007 1227 3073 quae
1265 3011 1480 3058 naturalis
1519 3009 1867 3074 adjungerentur
1892 3010 1939 3055 ἂ
1967 3007 2286 3072 subjicerentur

287 3075 516 3126 ⁴interno:
551 3076 602 3122 δε
625 3074 859 3132 dixerunt,
896 3075 1026 3139 super
1050 3078 1246 3124 verbum
1269 3077 1445 3139 argenti
1467 3077 1640 3125 reducti
1663 3078 1708 3123 in
1729 3077 1932 3123 manticis
1957 3076 2114 3124 nostris
2133 3078 2176 3124 in
2197 3081 2282 3125 ini·

305 3141 376 3188 tio
397 3158 480 3191 nos
502 3140 792 3200 adducimur,
827 3143 1050 3205 fignificat
1091 3143 1198 3208 quia
1235 3157 1398 3191 verum
1425 3145 1468 3191 in
1493 3143 1701 3191 exteriori
1729 3142 1917 3189 naturali
1943 3156 2127 3207 apparet
2152 3145 2290 3207 gratis

302 3206 550 3266 donatum,
584 3208 712 3273 quod
737 3208 844 3261 ideo
866 3208 1216 3274 subjicerentur:
1252 3209 1310 3255 ad
1334 3211 1681 3260 devolvendum
1708 3209 1837 3272 supe-r
1863 3223 1961 3268 nos,
1999 3212 2046 3258 &
2072 3210 2125 3257 ad
2153 3210 2293 3271 conji-

1241 3274 1284 3324 Z
1322 3293 1346 3327 2
1500 3306 1505 3309 -
2082 3276 2297 3327 ciendum
