2606 3646
383 208 583 325 '1'36-
780 252 842 322 G
982 248 1081 341 Ε
1183 244 1274 317 N
1399 243 1470 345 E
1601 185 2029 322 ers.

479 379 624 442 5560.
661 377 727 426 Et
749 389 991 440 argentum
1016 375 1210 423 alterum
1235 372 1502 423 descendere
1527 374 1773 426 facimusin
1801 395 1935 429 manu
1953 383 2115 439 nostra,
2151 386 2281 448 quod
2299 387 2395 454 figss
2420 449 2422 451 .

410 446 567 495 nificet
589 445 713 510 quod
737 445 916 492 animus
941 444 993 490 fit
1015 458 1097 506 per
1120 456 1279 488 verum
1304 441 1771 506 aliundecornparare
1794 446 1988 508 bonum,
2026 452 2198 513 constat
2222 472 2280 503 ex
2304 457 2393 520 fig,

414 513 673 561 nificatione
695 510 889 573 argenti,
926 509 1054 574 quod
1073 509 1127 557 fit
1143 523 1323 564 verum,
1358 508 1415 555 de
1435 523 1526 572 qua
1551 524 1663 557 mox
1687 509 1813 574 supra
1836 529 1896 560 n:
1922 517 2067 581 5657,
2107 521 2286 586 &quja
2310 539 2395 586 per

415 591 654 643 argentum
679 578 952 639 significatur
972 591 1153 631 verum,
1190 590 1269 638 per
1287 585 1528 637 argentum
1552 576 1741 625 alterum
1759 579 2038 643 fignificatur
2061 602 2222 636 verum
2247 591 2391 649 aliud,

413 646 519 693 inde
541 644 813 708 significatur
830 659 993 691 verum
1016 641 1196 690 aliunde
1218 662 1231 696 3
1268 643 1378 706 quia
1395 657 1486 689 non
1505 641 1628 689 aliud
1646 659 1806 693 verum
1823 647 1957 695 datur
1975 654 2100 714 quod
2114 658 2390 719 genuinum,
2459 662 2462 666 ’

412 729 556 777 quam
581 730 604 760 a
631 713 840 760 Domino
862 713 941 775 qui
977 709 1116 772 gratis
1148 708 1308 766 donat,
1347 707 1409 755 ita
1432 721 1513 755 nec
1536 709 1713 758 aliunde
1738 711 1890 775 ipsum
1914 731 2075 767 verum
2096 728 2128 775 3*
2145 722 2274 772 &ex
2297 726 2388 790 fig.

412 781 672 828 nificatione
705 778 973 826 descendere
1009 777 1170 832 facere,
1205 775 1332 840 quod
1364 775 1418 823 fit
1450 775 1631 824 animus
1663 781 1973 842 comparandi,
2010 799 2178 852 nempe
2210 790 2389 845 bonum

410 850 507 895 veri
530 846 655 912 quod
682 861 759 908 per
781 844 1087 900 frumentum,
1123 841 1251 908 quod
1270 854 1494 900 emerent,
1531 841 1808 907 fignificatur
1829 864 1839 894 :
1877 848 2023 897 sensus
2047 852 2191 902 literae
2208 856 2384 910 histori-

411 931 489 963 cus
514 914 726 971 involvit,
763 912 890 977 quod
915 923 1156 972 argentum
1180 908 1373 958 alterum
1396 909 1538 957 etiam
1560 912 1738 959 veniret
1759 912 1815 960 ad
1837 915 2111 982 josephum,
2148 922 2205 975 ad
2229 939 2387 977 emen-

404 984 522 1031 dum
545 982 602 1031 ab
627 981 707 1028 illo
728 979 905 1036 cibum,
940 978 999 1025 fic
1023 992 1114 1024 non
1136 977 1338 1033 aliunde,
1373 987 1418 1024 at
1439 976 1586 1025 sensus
1610 978 1812 1039 internus
1835 997 1927 1029 non
1952 999 2104 1034 manet
2121 989 2167 1036 in
2188 986 2314 1042 sensu
2333 995 2391 1045 li-

406 1061 517 1098 terae
539 1046 768 1103 historico,
806 1047 925 1094 hunc
943 1043 1119 1092 sensum
1143 1058 1236 1091 non
1251 1044 1397 1101 curat,
1434 1042 1510 1091 sed
1534 1044 1579 1090 in
1600 1044 1694 1108 ipsa
1717 1061 1780 1103 re,
1815 1047 1872 1095 de
1885 1065 1976 1113 qua
1993 1053 2159 1114 agitur,
2196 1074 2301 1122 quae
2318 1078 2388 1112 res

406 1118 487 1174 est,
524 1117 556 1165 fi
580 1128 633 1163 ut
654 1113 769 1161 servi
795 1111 1112 1178 subjicerentur
1133 1118 1377 1173 propterea
1404 1109 1531 1174 quod
1563 1111 1708 1174 aliqua
1733 1127 1853 1169 vera,
1872 1115 1917 1162 in
1953 1121 2140 1168 naturali
2175 1130 2388 1179 exteriori

405 1184 545 1248 gratis
569 1179 734 1232 donatzi
758 1178 860 1226 sunt
882 1177 1008 1241 quod
1032 1176 1210 1235 aliunde
1233 1186 1550 1240 compararent
1573 1176 1653 1226 sibi
1679 1179 1851 1227 bonum
1883 1194 1964 1244 per
1987 1184 2145 1235 verum
2166 1209 2180 1243 3
2215 1193 2315 1244 talis
2338 1211 2388 1244 e-

402 1254 516 1300 tiam
542 1247 606 1295 est
620 1247 747 1294 series
772 1245 817 1292 in
842 1243 968 1291 sensu
989 1243 1182 1298 interno,
1220 1258 1325 1289 nam
1347 1257 1457 1290 mox
1475 1243 1642 1291 dicitur
1676 1252 1710 1274 “
1727 1261 1817 1293 non
1837 1246 2000 1297 scimus
2022 1254 2123 1315 quis
2148 1255 2386 1320 posuitbar.

400 1330 597 1384 gentum
618 1314 663 1361 in
690 1311 896 1360 manticis
921 1310 1098 1366 nostriS‚
1118 1311 1150 1338 ’2
1168 1324 1265 1372 *per
1287 1325 1394 1381 quae
1409 1309 1705 1371 fignificatur‚
1731 1314 1858 1375 quod
1885 1330 1977 1371 non
2012 1321 2246 1372 crederent
2277 1328 2384 1391 quia

405 1400 500 1432 non
525 1382 706 1437 scirent,
730 1395 754 1427 a
778 1394 875 1443 quo
896 1377 1127 1438 verumflin
1153 1376 1344 1423 naturali
1366 1376 1577 1424 exteriori
1598 1394 1609 1423 ε
1645 1378 1866 1428 Similiter
1879 1382 2030 1432 existit
2052 1386 2097 1434 in
2123 1389 2260 1442 altera
2285 1394 2384 1447 vita

399 1451 525 1515 apud
551 1447 748 1511 spiritus,
785 1444 865 1510 qui
891 1460 973 1508 per
991 1459 1098 1491 vera
1125 1442 1362 1489 initiant-ur
1396 1441 1442 1490 in
1477 1442 1670 1501 bonum,
1707 1446 1758 1495 &
1792 1445 2019 1510 imprimis
2043 1454 2089 1500 in
2115 1455 2217 1515 hoc,
2253 1462 2383 1524 quod

395 1531 536 1569 omne
559 1515 736 1562 bonum
759 1514 809 1560 δε
832 1526 995 1558 verum
1019 1526 1042 1557 a
1079 1508 1288 1557 Domino
1312 1507 1491 1567 influat,
1527 1511 1578 1558 ὅτ
1601 1526 1709 1560 cum
1732 1515 2052 1579 appercipiunt
2075 1524 2201 1585 quod
2225 1524 2388 1578 influat

396 1599 537 1634 omne
557 1581 682 1647 quod
699 1579 907 1640 cogitant
929 1579 979 1626 δε
1005 1576 1185 1641 volunt,
1220 1576 1272 1624 ’ὅτ
1296 1575 1354 1622 fic
1370 1576 1500 1640 quod
1523 1593 1549 1624 a
1573 1577 1615 1623 se
1638 1578 1837 1642 cogitare
1862 1582 1913 1630 &
1936 1584 2053 1631 velle
2076 1603 2168 1636 non
2194 1594 2379 1655 poffint,

394 1666 506 1700 tunc
525 1659 780 1713 repugnant
794 1655 1018 1710 quantum
1036 1643 1235 1707 poffunt,
1254 1641 1442 1691 credunt
1458 1642 1584 1707 quod
1602 1642 1665 1692 fic
1686 1646 1777 1693 vita
1794 1646 1977 1711 propria
1995 1651 2082 1703 illis
2099 1656 2222 1706 nulla
2240 1656 2378 1721 foret,

394 1722 446 1767 δε
472 1717 528 1765 fic
552 1713 680 1781 quod
700 1712 864 1777 periret
887 1726 1025 1758 omne
1035 1709 1315 1774 jucundum,
1351 1720 1459 1756 nam
1477 1711 1629 1757 hocin
1646 1714 1837 1776 proprio
1856 1729 2069 1777 ponunt3
2095 1727 2155 1772 ‘ac
2174 1723 2374 1790 insuper,

392 1787 427 1834 fi
463 1800 554 1831 non
588 1779 763 1846 poffent
794 1793 927 1840 agere
960 1778 1134 1826 bonum
1154 1792 1179 1823 a
1204 1775 1262 1831 se,
1298 1789 1380 1822 nec
1402 1775 1583 1824 credere
1605 1792 1770 1826 verum
1794 1796 1820 1834 a
1845 1780 1902 1837 se,
1939 1786 2064 1848 quod
2090 1791 2377 1844 remitterent

389 1865 571 1906 manus,-
609 1846 723 1895 nihil
741 1862 798 1894 ex
816 1845 858 1892 se
880 1843 1061 1907 agendo
1078 1845 1128 1891 ὅτ,
1151 1841 1416 1904 cogitando,
1446 1842 1496 1890 δε
1514 1842 1820 1908 exspectarent
1839 1845 2068 1900 influxum
2087 1854 2149 1903 ita
2170 1860 2373 1921 cogitare

390 1918 460 1966 ills
486 1913 785 1981 permittitur,
810 1912 950 1966 etiam
975 1912 1022 1958 in
1042 1921 1242 1966 tanturn,
1268 1920 1319 1956 ut
1342 1924 1474 1972 paene
1495 1909 1769 1961 concludant
1793 1914 1915 1977 apud
1939 1917 2000 1976 se,
2028 1922 2156 1982 quod
2180 1927 2271 1972 no'n
2292 1942 2374 1976 ve..

389 1985 478 2031 lint
497 1982 602 2032 inde
626 1982 802 2029 bonum
825 1980 876 2027 ὅτ
896 1993 1056 2025 verum
1079 1975 1297 2040 accipere,
1332 1975 1408 2023 sed
1429 1975 1627 2036 aliunde,
1664 1979 1745 2026 ubi
1770 1995 1860 2027 non
1883 1981 1980 2031 talis
1999 1987 2175 2036 orbatio
2193 1995 2370 2062 proprii

386 2051 485 2105 est3
521 2049 659 2097 etiam
683 2045 959 2111 quandoque
993 2044 1130 2093 datur
1150 2041 1249 2105 xillis
1282 2041 1506 2107 inquirere
1530 2044 1611 2091 ubi
1634 2044 1679 2093 id
1706 2046 1978 2105 inveniann
2013 2055 2081 2109 atf‘
2116 2055 2236 2112 ostea
2259 2075 2369 2110 cum

387 2116 552 2165 nullibi
579 2114 838 2169 inveniunt,
875 2111 941 2159 illi
964 2111 1042 2174 qui
1064 2121 1401 2172 regenerantur,
1438 2109 1643 2170 redeunt,
1681 2113 1731 2161 δε
1767 2128 1824 2161 ex
1846 2114 1991 2166 libero
2009 2134 2046 2176 e
2090 2115 2188 2171 'urit
2210 2128 2368 2190 quoad

386 2184 506 2231 velle
526 2182 795 2244 &cogitare
819 2179 922 2225 duci
958 2194 985 2224 a
1017 2177 1261 2230 Domin0;
1301 2174 1602 2224 informantur
1640 2179 1780 2228 etiam
1816 2193 1939 2239 tunc,
1969 2182 2070 2251 qn²⁷‘
2128 2184 2377 2261 „accepturi

385 2250 472 2298 smt
496 2248 734 2313 proprium
757 2243 954 2302 coeleste,
988 2242 1122 2306 quale
1144 2241 1208 2290 est
1242 2242 1433 2305 angeli8‚
1469 2244 1519 2291 &
1541 2258 1649 2292 cum
1672 2245 1764 2294 hoc
1785 2248 1975 2311 proprio
2004 2253 2142 2302 etiarn
2168 2246 2368 2311 'beatum

383 2320 434 2365 δε
458 2316 567 2364 felix
593 2315 638 2361 in
666 2323 906 2360 aeternum.
978 2308 1123 2375 Qod
1157 2308 1398 2372 proprium
1429 2308 1609 2357 coeleste
1641 2311 1817 2369 attinet,
1856 2313 1955 2362 hoc‘
1970 2331 2028 2364 ex
2052 2335 2173 2370 nova
2197 2325 2369 2374 volun.

380 2397 490 2439 tate,
527 2397 635 2445 quae
658 2379 790 2427 datur
813 2393 839 2424 a
856 2375 1081 2432 Domino,
1116 2374 1282 2431 existit,
1318 2375 1369 2422 δε
1386 2374 1539 2441 differt
1555 2378 1785 2443 alproprio
1806 2379 2025 2441 hominiS,
2062 2385 2107 2433 in
2127 2403 2199 2453 eo²
2235 2395 2366 2456 quod

381 2466 472 2497 non
500 2447 649 2512 magis
672 2445 874 2510 spectent
897 2443 938 2490 se
962 2443 1009 2488 in
1028 2441 1250 2490 omnibus
1274 2441 1324 2489 δε
1347 2441 1534 2505 singulis
1568 2458 1676 2506 quae
1709 2458 1873 2508 agunt,
1906 2451 2036 2499 acin
2070 2455 2282 2506 omnibus
2314 2450 2367 2510 8τ.

379 2515 565 2580 singulis
587 2528 695 2578 quae
718 2510 895 2558 discunt
918 2511 968 2557 δε
989 2507 1172 2566 docent,
1198 2507 1273 2556 sed
1297 2508 1425 2573 quod
1445 2509 1551 2557 tunc
1571 2509 1773 2574 spectent
1791 2515 2078 2578 proximum,
2098 2517 2360 2584 publicum,

376 2582 645 2637 Ecclesiam,
682 2579 898 2641 Regnum
927 2576 1145 2631 Domini,
1181 2576 1232 2623 ὅτ.
1254 2574 1314 2623 fic
1339 2574 1492 2639 ipsum
1514 2575 1811 2634 Dominum;
1846 2580 1959 2629 fines
1994 2583 2105 2635 vitae
2136 2589 2241 2643 sunt
2274 2593 2359 2657 qui

379 2660 630 2703 mutantur,
669 2647 778 2693 fines
802 2642 1032 2707 spectandi
1071 2641 1297 2698 inferiora,
1334 2657 1502 2705 nempe
1526 2644 1754 2693 mundum
1778 2647 1829 2694 ὅτ
1854 2646 2011 2707 semet,
2047 2668 2359 2717 removentur,

375 2718 425 2763 δε
450 2717 562 2763 fines
585 2710 811 2776 spectandi
836 2709 1076 2772 superiora,
1112 2707 1211 2755 loco
1233 2707 1418 2755 illorum
1450 2707 1809 2767 substituuntur3
1845 2714 1958 2766 fines
1993 2716 2099 2768 vitae
2121 2737 2210 2769 non
2235 2724 2359 2775 aliud

374 2782 475 2831 sunt
497 2794 633 2846 quam
653 2777 745 2842 ipsa
756 2778 855 2823 'vita
874 2774 1089 2831 hominis,
1127 2791 1230 2822 nam
1260 2774 1366 2823 fines
1392 2773 1491 2822 sunt
1515 2775 1808 2838 ipsum‘velle
1830 2779 2044 2842 hominis,
2079 2786 2131 2834 &
2147 2787 2250 2837 sunt
2268 2790 2355 2855 ipfi

372 2846 465 2907 ejus
500 2843 698 2905 amores,
727 2858 835 2891 nam
859 2857 965 2906 quae
989 2841 1133 2888 homo
1157 2854 1295 2895 amat,
1320 2840 1416 2888 haec
1441 2841 1542 2888 vult
1565 2844 1614 2892 ὅτ
1636 2860 1721 2908 pro
1738 2847 1830 2893 fine
1854 2847 1987 2896 habet
2008 2871 2022 2904 ς
2043 2852 2135 2914 ,qui
2158 2859 2350 2920 proprio

371 2913 540 2960 coelesti
565 2914 777 2966 donatur,
813 2910 848 2957 is
868 2908 1008 2955 etiam
1035 2908 1079 2954 in
1100 2907 1345 2971 tranquillo
1368 2907 1447 2964 est,
1484 2909 1534 2956 δε
1554 2909 1598 2957 in
1624 2926 1749 2974 pace,
1786 2928 1889 2960 nam
1916 2914 2020 2962 fidit
2043 2917 2273 2979 Domino,
2300 2925 2350 2973 &

367 2980 510 3027 credit
534 2978 662 3043 quod
681 2977 794 3024 nihil
814 2975 924 3023 mali
942 2974 1072 3022 illum
1091 2974 1302 3037 attingat,
1339 2974 1389 3022 &
1409 2977 1539 3022 novit
1561 2977 1684 3040 quod
1705 2977 2084 3043 concupiscentiae
2102 2984 2236 3035 illum
2258 3006 2349 3040 non
2423 3030 2425 3033 ,

366 3046 573 3103 infestent
595 3067 607 3099 ·,
643 3045 692 3092 ὅτ
721 3054 954 3107 praeterea,
989 3041 1070 3103 qui
1096 3038 1141 3086 in
1167 3040 1355 3103 proprio
1378 3041 1549 3089 coelesti
1575 3042 1688 3100 sunt,
1726 3043 1771 3090 in
1797 3044 1892 3108 ipso
1915 3044 2057 3096 libero
2081 3049 2200 3111 sunt,
2238 3072 2345 3107 nam

362 3112 470 3159 duci
491 3128 513 3158 a
536 3110 745 3158 Domino
767 3109 830 3157 est
852 3108 1078 3164 liberum,
1102 3106 1283 3154 ducitur
1318 3105 1439 3153 enim
1466 3107 1513 3154 in
1538 3108 1678 3165 bono,
1716 3125 1740 3156 a
1765 3109 1886 3158 bono
1911 3112 1967 3159 ad
1993 3114 2201 3176 bonum;
2239 3122 2347 3172 inde
2421 3118 2429 3123 ’

360 3166 561 3227 'constare
603 3176 765 3240 potest,
808 3174 934 3239 quod
959 3173 1045 3220 fint
1070 3172 1115 3219 in
1139 3173 1271 3219 beato
1295 3173 1344 3220 &
1368 3170 1505 3229 felici,
1542 3190 1647 3222 narn
1672 3174 1785 3229 nihil
1809 3176 1874 3223 est
1895 3181 2020 3243 quod
2048 3186 2228 3244 turbat,
2247 3205 2342 3238 non
2376 3180 2401 3220 ·’

357 3244 532 3311 aliquid
552 3245 715 3292 amoris
736 3242 818 3299 sui,
853 3241 1180 3305 consequenter
1204 3254 1297 3289 non
1321 3237 1493 3304 aliquid
1518 3238 1787 3301 inimicitiae,
1823 3243 1936 3304 odii,
1974 3249 2224 3307 vindictae3
2260 3272 2344 3304 nec

2157 3319 2336 3385 aliquid
