2626 3666
338 196 468 266 116
694 194 753 263 G
893 191 962 262 E
1096 190 1228 272 N¹
1319 188 1388 260 E
1522 187 1948 276 SJpS.

330 319 487 376 rismo,
523 319 801 368 Gentilismo
825 319 1100 376 Christiano,
1135 329 1214 366 aut
1243 317 1381 367 etiam
1413 327 1541 365 extra
1580 315 1849 375 Ecclesiam,
1886 315 2011 382 quod
2035 314 2243 366 similiter
2261 315 2331 366 ab‘

331 387 419 436 illis
440 386 520 452 qui
547 387 625 444 ibi,
662 389 725 434 ita
749 387 924 434 diclurn
950 385 1116 442 fuiffet,
1154 387 1205 432 &
1228 385 1355 448 quod
1374 384 1527 431 ubivis
1550 383 1743 440 dicatur,
1780 384 1854 431 hic
1879 383 2097 442 Ecclesia,
2133 385 2207 432 hic
2231 385 2323 433 Ec·

312 454 481 515 fclefia,
519 454 591 502 hic
616 455 785 501 vera&
810 469 897 499 non
922 453 1045 508 alibi,
1077 453 1128 500 &
1149 467 1255 498 curn
1280 451 1358 505 ita,
1397 449 1523 514 quod
1558 448 1846 497 scrutandum
1872 451 2083 499 Verbum
2106 466 2215 498 cum
2240 453 2321 499 de-

333 534 444 567 vota
472 536 601 582 prece
624 520 680 566 ad
717 521 993 574 Dominum,
1030 532 1082 565 ut
1112 516 1381 565 illustratio:
1418 516 1527 564 tales
1550 531 1641 562 non
1668 517 1933 578 perturbant
1967 517 2171 582 aliquem
2205 520 2323 567 intra

334 585 598 642 Ecclefiam,
636 601 716 632 nec
736 602 942 650 unquam
966 586 1182 632 damnant
1199 582 1329 640 alios,
1364 582 1549 631 scientes
1567 582 1696 646 quod
1712 581 1857 647 usque
1879 583 2205 650 unusquisque,
2241 585 2324 650 qui

335 652 553 709 Ecclesia,
587 652 716 699 vivat
738 668 795 700 ex
819 652 894 699 sua
925 651 1032 699 fide.
1237 691 1239 693 .
1378 694 1381 707 ,

405 735 498 781 543
508 736 547 781 3.
590 718 667 765 Ad
703 719 959 766 videndum
985 717 1244 766 nuditatem
1268 715 1401 764 terr&
1422 714 1625 772 venisti3‚
1660 714 1790 780 quod
1815 715 2038 778 significet
2058 716 2185 781 quod
2203 717 2320 766 nihil

334 788 491 849 potius
519 784 601 832 illis
624 799 765 848 quam
793 784 870 832 fibi
898 784 1002 832 scire
1027 785 1152 849 quod
1178 799 1269 831 non
1298 798 1403 831 vera
1428 783 1531 841 fint,
1571 784 1746 830 constat
1765 798 1788 829 a
1815 782 2152 843 significatione.
2164 785 2322 834 venire

333 852 387 898 ad
412 851 678 906 videndum,
702 851 824 915 quod
845 851 898 899 fit
914 866 1076 914 cupere
1096 850 1202 899 scire
1225 849 1351 914 quod
1371 851 1433 896 ita
1453 849 1525 906 fit,
1553 848 1744 911 proinde
1763 848 1876 896 nihil
1902 852 2053 911 potius
2073 851 2160 898 illis
2176 847 2320 915 quarn

330 918 439 965 scir'e
467 939 481 971 ·,
517 935 574 965 ex
612 917 937 979 signification-e
975 916 1209 972 nuditatis,
1245 915 1374 980 quod
1405 915 1458 964 fit
1488 915 1655 981 absque
1693 917 1826 972 veris,
1866 918 1929 964 ita
1952 916 2079 980 quod
2102 933 2194 964 non
2221 931 2326 966 vera

329 985 435 1041 fint,
473 983 529 1031 de
552 1001 639 1047 qua
662 983 863 1047 sequitur
885 1005 898 1038 ;
934 984 983 1031 &
1007 999 1065 1030 ex
1087 982 1415 1045 significatione
1439 993 1591 1039 terrae‚
1631 980 1704 1029 hic
1728 981 1833 1029 ideo
1855 981 2035 1029 nuditas
2060 996 2193 1032 terrae
2215 984 2336 1031 sunt

334 1067 427 1098 non
453 1066 556 1098 vera
579 1049 810 1107 Ecclefiae,
835 1049 962 1114 quod
982 1061 1096 1097 terra
1114 1049 1165 1098 s1t
1186 1047 1402 1105 Ecclesia,
1425 1047 1633 1096 videatur
1649 1063 1705 1094 n:
1732 1048 1843 1109 566.
1865 1048 1979 1097 662.
2005 1050 2146 1116 1067.
2173 1050 2322 1100 12623

339 1132 483 1179 1733.
510 1121 648 1179 1850.
677 1131 821 1179 2117.
849 1119 974 1164 21¹8
1005 1114 1036 1162 f.
1064 1131 1205 1177 3355.
1227 1130 1375 1177 4447.
1399 1130 1547 1177 4535.
1618 1113 1765 1179 Qod
1791 1114 1972 1162 nuditas
1995 1114 2218 1177 significet
2240 1116 2323 1163 de-

330 1184 556 1247 privatum
582 1182 715 1236 veriS‚
754 1182 826 1229 seu
850 1181 1017 1245 absque
1038 1181 1171 1237 veris,
1207 1181 1270 1227 est
1295 1181 1403 1243 quia
1427 1180 1570 1228 vestes
1595 1179 1640 1226 in
1665 1194 1829 1240 genere
1849 1180 2104 1242 fignificant
2120 1197 2241 1239 vera,
2266 1183 2322 1231 δε

330 1249 596 1313 unaquaevis
622 1249 665 1294 in
693 1247 838 1312 specie
858 1247 990 1296 vestis
1013 1246 1200 1310 aliquod
1227 1262 1384 1294 verum
1411 1246 1649 1308 fingulare,
1686 1246 1898 1294 videatur
1920 1262 1981 1293 n:
2009 1249 2152 1311 2576.
2176 1263 2317 1312 3301.

332 1326 479 1376 4545.
501 1317 646 1379 4677.
668 1330 814 1374 474¹·
834 1328 979 1377 4742.
1001 1314 1145 1376 4763.
1169 1316 1315 1374 5248.
1339 1329 1485 1378 5319,
1521 1312 1628 1359 inde
1645 1313 1822 1360 nuditas
1839 1312 2062 1376 fignificat
2077 1315 2203 1378 quod
2221 1313 2322 1362 abs·

332 1398 420 1446 que
442 1381 557 1427 veris
578 1402 591 1436 3
628 1393 680 1428 ut
702 1396 889 1444 quoque
911 1396 934 1426 a
956 1380 1064 1426 locis
1085 1395 1110 1426 e
1134 1380 1290 1426 Verbo
1315 1378 1429 1425 infra
1449 1377 1696 1426 videbitur.
1769 1380 2027 1441 Qornodo
2048 1395 2153 1427 cum
2179 1380 2249 1429 his
2273 1379 2320 1428 se

333 1449 487 1503 habet,
523 1459 650 1511 patet
681 1447 736 1493 ab
772 1447 875 1503 illis,
912 1461 1018 1510 quae
1044 1459 1154 1492 mox
1189 1445 1321 1509 supra
1346 1461 1402 1491 n:
1429 1459 1524 1508 543
1531 1462 1576 1508 3,
1611 1444 1733 1491 dista
1757 1444 1874 1500 sunt,
1910 1445 2031 1509 quod
2058 1462 2227 1510 nempe
2250 1446 2321 1496 illi

326 1516 408 1578 qui
434 1529 536 1560 vera
557 1512 738 1560 discunt
769 1529 862 1560 non
901 1523 1089 1575 propter
1123 1512 1284 1559 'verum
1309 1527 1359 1558 ac
1383 1523 1572 1574 propter
1605 1510 1768 1567 vitam,
1805 1511 1878 1557 sed
1904 1523 2093 1574 propter
2124 1512 2321 1571 lucrum,

330 1596 623 1644 nequaquam
648 1579 776 1625 aliter
798 1580 978 1642 possint,
1015 1593 1155 1642 quam
1180 1577 1303 1641 apud
1328 1578 1369 1624 se
1393 1577 1591 1641 cogitare
1617 1575 1744 1640 quod
1768 1592 1872 1624 vera
1891 1576 2107 1626 Ecclefiae
2122 1595 2213 1626 non
2229 1579 2321 1628 smt

329 1663 433 1694 vera
457 1668 470 1702 ;
505 1647 631 1694 causa
656 1644 735 1701 est,
772 1647 881 1709 quia
912 1644 1096 1694 affefflo
1134 1644 1250 1692 lueri
1277 1643 1340 1691 est
1363 1642 1547 1691 affectio
1582 1642 1816 1710 terrestris,
1853 1644 1903 1692 &
1926 1642 2107 1692 affectio
2130 1646 2227 1693 veri
2252 1646 2320 1695 est
2347 1661 2353 1670 ·

327 1713 511 1761 affefflo
529 1711 784 1776 spiritualis,
810 1727 898 1759 una
917 1723 992 1758 aut
1009 1711 1144 1758 altera
1163 1710 1427 1758 dominium
1451 1709 1654 1764 habebit,
1690 1725 1829 1757 nemo
1848 1710 1995 1773 potest
2014 1709 2175 1758 servire
2199 1712 2319 1761 duo·

330 1780 412 1827 bus
436 1780 636 1827 dominis
656 1798 669 1832 ς
707 1791 982 1841 quapropter
1012 1777 1088 1824 ubi
1116 1792 1201 1825 una
1225 1776 1406 1824 affeffio
1430 1775 1510 1831 est,
1551 1776 1684 1823 altera
1707 1792 1798 1823 non
1823 1775 1903 1832 est,
1944 1778 2007 1824 ita
2031 1778 2107 1826 ubi
2131 1777 2322 1846 affefflp

329 1846 422 1893 veri
445 1846 506 1893 ibi
535 1862 624 1893 non
650 1843 830 1891 affectio
855 1843 981 1899 lucri,
1017 1844 1066 1891 δε
1091 1843 1170 1890 ubi
1194 1842 1377 1890 affectio
1396 1842 1507 1890 lucri
1532 1842 1595 1890 ibi
1620 1858 1712 1890 non
1729 1842 1911 1899 affectio
1931 1846 2026 1892 veri
2050 1865 2064 1898 ;
2100 1845 2207 1892 inde
2230 1843 2315 1904 est,

327 1912 469 1975 quod,
506 1912 539 1959 fi
563 1909 743 1957 affectio
770 1911 879 1957 lueri
904 1910 1168 1957 dominium
1204 1909 1353 1965 habet,
1389 1924 1677 1974 nequaquam
1710 1909 1844 1973 poffit
1874 1910 2002 1959 aliter
2031 1910 2136 1967 effe,
2171 1904 2314 1976 quam

322 1979 454 2042 ‘quod
481 1978 591 2024 nihil
618 1979 764 2040 potius
793 1977 863 2034 fit,
901 1992 1037 2041 quam
1064 1975 1189 2040 quod
1222 1991 1330 2024 vera
1354 1991 1446 2023 non
1479 1975 1562 2024 fint
1585 1991 1706 2033 vera,
1742 1987 1785 2023 at
1815 1975 1964 2042 usque>
1991 1976 2103 2024 nihil
2138 1977 2316 2040 potius,

328 2061 466 2110 quam
491 2045 618 2109 quod
646 2059 746 2090 vera
769 2044 1011 2090 credantur
1035 2058 1136 2089 vera
1160 2044 1216 2089 ab
1238 2042 1366 2091 aliis:
1402 2042 1436 2090 fi
1459 2041 1583 2090 enim
1609 2041 1751 2089 homo
1770 2041 1970 2092 internus
1994 2043 2162 2106 spectat
2179 2045 2314 2092 deor-

329 2114 450 2169 sum,
487 2126 654 2174 nempe
677 2110 731 2157 ad
757 2109 990 2167 terrestria,
1027 2108 1155 2157 &ibi
1177 2109 1307 2173 ponit
1326 2125 1480 2164 omne,
1518 2123 1809 2173 nequaquam
1830 2109 1978 2172 potest
2003 2109 2197 2172 spestare
2219 2110 2314 2158 sur-

329 2179 451 2235 sum,
488 2179 537 2225 &
561 2177 622 2225 ibi
644 2191 809 2239 ponere
833 2175 1022 2239 aliquid,
1059 2191 1162 2221 nam
1189 2191 1357 2222 terrena
1374 2174 1550 2241 prorsus
1566 2175 1806 2223 absorbent
1822 2177 1873 2223 &
1896 2173 2149 2231 suffocant;
2183 2176 2316 2225 causa.

330 2245 411 2301 est,
447 2246 555 2307 quia
579 2243 728 2306 angeli
752 2243 856 2288 coeli
875 2241 1250 2304 apud‘hominem
1276 2258 1366 2289 non
1387 2241 1570 2305 poffunt
1593 2242 1680 2305 esse
1703 2241 1745 2287 in
1766 2241 2058 2299 terrestribus,
2082 2259 2317 2309 quaprop-

329 2324 397 2359 ter
423 2311 487 2357 illi
514 2311 746 2365 recedunt,
783 2309 832 2355 &
854 2302 1203 2356 tunc‘accedunt
1221 2307 1399 2370 spiritus
1422 2307 1675 2363 infernales,
1708 2307 1791 2372 qui
1810 2307 1930 2371 apud
1951 2308 2191 2358 hominem
2217 2325 2310 2359 non

327 2377 512 2441 poffunt
535 2375 619 2424 effe
642 2374 686 2422 in
709 2374 978 2431 coelestibus,
1015 2374 1120 2422 inde
1151 2373 1346 2421 coelestia
1382 2372 1424 2420 ei
1455 2373 1582 2431 nauci
1610 2375 1727 2429 sunt,
1760 2375 1810 2421 ὅτ
1834 2374 2028 2423 terestria
2062 2377 2105 2423 ei
2147 2387 2311 2436 omne,

326 2446 375 2492 &
393 2459 499 2491 cum
517 2441 734 2490 terrestria
751 2441 790 2487 ei
812 2440 911 2487 sunt
930 2456 1085 2497 omne,
1124 2453 1229 2488 tunc
1248 2439 1502 2488 doffiorem
1536 2441 1586 2487 δε
1606 2429 1923 2504 sapientiorer'n‘
1944 2441 2130 2506 reliquis
2155 2442 2196 2489 se
2214 2459 2313 2491 cre·

325 2512 414 2568 dit,
454 2511 497 2556 in
524 2525 595 2565 eo,
633 2506 756 2572 quod
783 2506 998 2555 Ecclefiae
1018 2523 1126 2568 *vera
1153 2506 1231 2554 fibi
1257 2517 1409 2568 negat,
1447 2507 1598 2569 <1an
1616 2506 1754 2554 corde
1773 2507 1898 2571 quod
1921 2508 2200 2570 simplicibus
2226 2509 2312 2558 fint

324 2577 431 2631 illa3
467 2577 550 2623 erit
576 2575 722 2638 itaque
748 2574 820 2620 vel
847 2557 1157 2628 inaffeffi‘one
1180 2572 1389 2631 terrestri,
1427 2572 1500 2620 vel
1521 2571 1562 2619 in
1582 2572 1823 2620 affec‘tione
1841 2573 2029 2629 coelesti,
2066 2591 2158 2622 non
2183 2576 2308 2623 enim

315 2641 476 2704 vpotest
498 2641 584 2688 effe
608 2657 716 2688 cum
747 2640 919 2702 angelis
943 2641 1067 2695 coeli,
1105 2641 1159 2687 &⁷
1179 2639 1310 2687 fimul
1333 2656 1441 2687 cum
1467 2638 1774 2693 infernalibus,
1812 2641 2026 2704 penderet
2050 2643 2175 2690 enim
2200 2653 2313 2690 tunc-

328 2708 442 2755 inter
467 2708 635 2755 coelum
660 2708 712 2758 &
736 2705 963 2767 infernum
987 2728 999 2760 ·,
1036 2717 1080 2752 at
1103 2721 1209 2752 cum
1236 2708 1281 2752 in
1304 2706 1544 2753 affeffone
1577 2706 1673 2751 veri
1700 2705 1763 2751 est
1793 2714 1980 2770 propter
2002 2718 2183 2766 verunu
2220 2706 2309 2755 hoc

326 2774 405 2828 est,
443 2786 628 2836 propter
654 2773 871 2833 Regnum
891 2771 1111 2829 Domini,
1148 2773 1211 2817 ibi
1235 2771 1357 2817 enim
1382 2771 1444 2817 est
1472 2768 1907 2846 Divinunspverujh,
1945 2775 2004 2821 ita
2023 2777 2208 2836 propter
2231 2773 2308 2836 Ip-

329 2841 427 2888 sum
447 2840 727 2895 Dominum,
759 2852 865 2885 tunc
889 2837 1005 2883 inter
1025 2836 1210 2900 angelos
1234 2836 1314 2893 est,
1351 2838 1400 2883 δε
1426 2852 1534 2884 tunc
1552 2854 1631 2884 nec
1656 2838 1900 2902 vilipendit
1919 2843 2114 2891 lucrum,
2150 2852 2308 2902 quate-

327 2923 410 2954 nus
430 2907 473 2952 id
493 2905 704 2952 conducit
729 2904 768 2950 ei
793 2905 849 2951 ad
874 2904 1017 2950 viram
1040 2904 1084 2949 in
1107 2906 1297 2959 mundo,
1336 2902 1410 2949 fed
1431 2918 1517 2950 non
1543 2920 1625 2966 pro
1644 2903 1731 2950 fine
1752 2906 1883 2952 habet
1908 2905 2103 2960 lucrum,
2141 2921 2305 2954 verum

324 2974 427 3019 usus
451 2972 572 3027 inde,
609 2987 723 3035 quos
746 2970 911 3033 specstat
936 2984 985 3016 ut
1011 2971 1122 3016 fines
1143 2971 1319 3016 medios
1337 2970 1392 3017 ar}
1415 2968 1550 3016 finem
1578 2969 1796 3019 ultimum
1812 2969 2045 3018 coelestem
2067 2990 2082 3023 ·,
2117 2970 2178 3017 ita
2200 2971 2299 3018 nul.

325 3040 496 3087 latenus
533 3039 663 3099 ponit
693 3052 768 3084 cor
801 3038 843 3083 in
882 3036 1019 3082 lucro.
1089 3037 1230 3099 (Qud
1265 3036 1443 3097 milita}
1478 3035 1700 3096 fignificet
1735 3036 1899 3099 absque
1936 3037 2064 3088 veris,
2101 3036 2301 3091 constare

325 3104 462 3151 etiarn
490 3103 632 3165 potest
663 3104 718 3150 ab
742 3102 842 3149 ,avis
875 3102 981 3149 locis
1007 3102 1051 3148 in
1076 3104 1248 3155 Verbo,
1288 3114 1337 3146 ut
1362 3099 1479 3163 apud
1510 3101 1771 3164 Johannem
1809 3108 1845 3130 “
1871 3101 2061 3165 Angelo
2088 3101 2305 3153 E'cclefiae

322 3169 674 3237 Laodicensium
693 3169 847 3229 scribe,
872 3168 981 3232 quia
999 3168 1110 3217 dicis
1126 3167 1253 3231 quod
1271 3166 1400 3215 dives
1419 3167 1518 3225 sun,
1553 3166 1603 3216 &
1622 3166 1785 3219 ditatus
1802 3166 1902 3229 sim,
1935 3181 1983 3218 ut
1998 3168 2169 3284 nulljilus
2186 3185 2304 3233 opus

2124 3235 2303 3298 abeam,
