2606 3646
319 224 623 293 CAPUT
663 221 1500 305 QUADRAGESIMUM
1549 221 2030 306 QUINTUM.
2088 233 2227 314 287

239 379 243 383 -
316 351 460 416 5958.
499 347 671 398 Decem
697 344 845 396 asinos
877 360 1103 411 portantes
1126 364 1153 394 e
1178 345 1299 396 bono
1331 347 1550 409 AEgy-pti,
1579 347 1705 410 quod
1730 349 1951 411 significet
1974 350 2218 398 scien‘ifica

247 436 353 466 cum
378 416 535 465 multis
560 415 767 470 servitiiS,
808 415 979 461 constat
1001 430 1055 460 ex
1082 414 1407 474 significatione
1436 415 1610 467 decem,
1643 415 1767 476 quod
1796 414 1877 462 sint
1900 417 2119 468 multum,
2156 417 2214 463 de

243 500 333 546 qun
356 499 384 528 n
408 499 418 527 :
446 498 588 543 3¹07·
617 479 762 539 4638.
791 483 915 540 5708
941 501 955 532 ;
990 495 1044 526 ex
1070 479 1396 540 significatione
1419 479 1660 533 afinorum,
1695 479 1822 541 quod
1847 479 1931 526 fint
1954 480 2211 536 scientifica,

241 552 301 595 de
323 561 410 609 qua
429 561 486 592 n:
512 541 659 607 5741,
697 545 766 591 hic
787 545 1025 591 scientifica
1044 546 1217 597 infima,
1254 543 1309 590 de
1328 544 1493 607 quibus
1513 559 1567 588 n:
1597 559 1745 607 5734,
1782 558 1886 604 quae
1908 545 2014 607 quia
2035 559 2212 606 portant

244 612 470 663 interiora,
505 609 609 655 suut
632 609 840 664 servitia3
876 611 926 657 δε
948 625 1006 655 ex
1030 607 1352 671 significatione
1388 608 1497 654 boni
1529 607 1742 670 AEgypti,
1779 610 1903 671 quod
1928 610 2012 658 sint
2035 611 2210 656 scienti-

241 679 345 731 fica,
366 681 432 721 ³ut
454 675 584 737 supra
607 691 635 719 n
656 692 664 719 :
697 691 839 738 5942.
866 691 1012 738 5949,
1051 674 1124 720 sed
1152 674 1390 720 scientifica
1415 672 1647 727 Ecclesiae,
1685 688 1792 718 narn
1810 673 1907 719 haec
1925 677 2108 736 proprie
2127 691 2209 736 pet·

245 743 511 802 AEgyptum
544 739 864 800 significantur,
902 756 959 785 n:
987 755 1131 801 4749.
1160 738 1305 796 4954·
1330 738 1497 799 4966;
1531 737 1656 798 quod
1681 735 1781 783 haec
1810 737 1894 784 sint
1929 739 2101 786 bonum
2128 741 2208 787 ΖΕ·-

239 808 392 870 gypti,
430 805 532 851 inde
556 805 636 859 est,
670 805 774 868 quia
797 821 821 850 a
847 804 1051 865 Joiepho
1072 803 1130 850 ad
1155 803 1379 858 Israelem,
1415 801 1542 865 quod
1565 800 1646 857 est,
1680 816 1704 846 a
1728 802 1915 849 Coelesti
1948 804 2123 852 interno
2153 823 2178 853 a

236 872 421 918 Bonum
446 869 684 932 spirituale,
720 868 819 915 sunt
854 868 997 915 missa.
2159 886 2166 894 ·

307 948 452 998 5959.
491 934 555 980 Et
577 935 733 980 decem
764 933 900 979 asmas
939 943 1169 995 portantes
1208 931 1491 979 frumentum
1528 932 1578 979 δε
1610 946 1793 993 panem,
1830 933 1958 996 quod
1981 933 2206 996 significet

239 1002 353 1048 boni>
372 1015 553 1055 verum,
590 1000 640 1046 &
662 998 758 1044 veri
783 999 973 1057 bonum,
1009 997 1145 1045 etiam
1164 1013 1270 1045 curn
1295 997 1450 1044 multis
1474 995 1679 1051 servitiis,
1714 996 1884 1044 constat
1908 1013 1962 1045 ex
1985 1000 2208 1063 fignifica-

133 1110 141 1114 .
239 1067 362 1112 tione
392 1065 569 1119 decern,
605 1063 729 1127 quod
763 1064 847 1110 smt
870 1065 1088 1119 multum,
1121 1075 1174 1109 ut
1209 1062 1339 1124 supra
1363 1078 1423 1108 n:
1450 1067 1574 1125 5958
1599 1083 1614 1115 ;
1648 1077 1705 1107 ex
1732 1062 2051 1124 significatione
2069 1066 2207 1114 asma·

239 1147 341 1177 rum
365 1129 491 1193 quod
515 1130 598 1176 fint
623 1128 814 1184 servitia,
849 1143 899 1175 ut
921 1144 1100 1192 quoque
1124 1142 1234 1175 mox
1258 1128 1388 1191 supra
1409 1142 1465 1173 n:
1492 1130 1618 1190 5958
1648 1147 1663 1181 ;
1694 1142 1753 1173 ex
1775 1127 2098 1190 significatione
2114 1130 2211 1178 fru-

237 1197 401 1251 menti,
438 1195 561 1257 quod
581 1194 631 1242 fit
648 1194 822 1240 bonum
849 1194 959 1248 veri,
994 1193 1051 1240 de
1069 1208 1162 1255 qua
1185 1208 1213 1239 n
1234 1209 1244 1238 ε
1272 1208 1417 1254 5295·
1443 1208 1588 1250 5410,
1623 1192 1697 1239 hic
1719 1203 1871 1239 autem
1895 1194 2003 1241 boni
2026 1211 2207 1252 verum,

239 1262 344 1322 quia
368 1278 394 1307 a
416 1259 588 1306 coelesti
612 1260 807 1315 Interno‚
841 1259 966 1322 quod
991 1258 1161 1320 Joseph
1183 1278 1198 1312 ·,
1231 1259 1281 1305 &
1305 1274 1329 1304 a
1355 1255 1678 1318 significatione
1701 1258 1845 1319 panis,
1881 1259 2007 1322 quod
2031 1261 2082 1309 fit
2106 1265 2212 1308 veri*

238 1326 357 1372 illius
393 1326 583 1381 bonum,
617 1324 675 1370 de
696 1340 788 1388 qua
812 1340 870 1369 n:
897 1324 1008 1386 276.
1045 1323 1156 1372 680.
1197 1323 1342 1382 2165.
1370 1336 1510 1383 2177.
1541 1325 1684 1385 3478.
1712 1337 1856 1395 3735.
1880 1338 2029 1382 4211.
2055 1341 2212 1386 42¹7-

138 1432 140 1434 ,
238 1405 385 1454 4735.
412 1390 560 1450 4976.
629 1389 751 1437 Cum
781 1390 884 1445 hoc,
916 1388 1059 1452 squod
1098 1387 1376 1435 frumentum
1416 1387 1640 1450 fignificet
1673 1387 1782 1434 boni
1820 1394 1995 1445 verum,
2029 1392 2080 1439 &
2104 1393 2213 1439 alibi.

237 1459 334 1502 veri
353 1456 544 1510 bonum,
580 1455 641 1500 ita
661 1453 702 1500 se
725 1454 859 1501 habet
879 1475 894 1508 ;
928 1470 1045 1501 cum·
1060 1452 1460 1514 significationibus
1482 1451 1611 1498 aliter
1633 1451 1676 1498 se
1695 1452 1829 1500 habet
1850 1469 1959 1501 cum
1983 1456 2130 1517 agitur
2146 1458 2206 1504 de

238 1521 412 1568 influxu
443 1535 470 1566 a
499 1519 672 1566 coelesti
705 1518 899 1575 interno,
934 1520 985 1566 δε
1020 1518 1149 1564 aliter
1183 1532 1288 1566 cum
1311 1532 1336 1564 a
1360 1517 1575 1580 spirituali
1611 1516 1820 1572 interno;
1854 1519 1982 1581 quod
2006 1521 2156 1570 influit
2179 1539 2206 1570 a

234 1584 408 1635 coe'lesti
429 1586 623 1641 interno,
655 1599 745 1632 non
769 1584 834 1632 est
867 1583 948 1631 nifi
971 1600 1112 1649 quam
1137 1583 1326 1639 bonum,
1360 1583 1486 1647 quod
1510 1581 1700 1647 quidem
1725 1582 1770 1630 in
1796 1582 1839 1629 se
1867 1599 2024 1631 verum
2049 1586 2201 1643 habet,

235 1650 309 1698 sed
337 1651 423 1698 hoc
445 1666 605 1698 vetum
634 1649 697 1697 est
728 1650 902 1698 bonum
931 1670 946 1704 ς
982 1650 1107 1714 quod
1131 1661 1284 1697 autem
1318 1649 1465 1696 influit
1488 1664 1512 1695 a
1535 1647 1751 1711 spirituali
1787 1648 1981 1705 interno,
2016 1667 2107 1698 non
2140 1655 2209 1700 est‘

234 1715 317 1764 nisi
334 1731 475 1780 quam
495 1731 671 1771 verum,
706 1716 834 1779 quod
851 1731 957 1763 cum
983 1714 1155 1763 faCtum
1173 1716 1301 1770 vitae,
1335 1714 1585 1778 appellatur
1602 1714 1774 1760 bonum
1794 1714 1887 1760 veri
1908 1734 1923 1768 3
1960 1716 2065 1763 inde
2082 1734 2213 1765 nunc·

235 1781 317 1837 est,
353 1781 481 1845 quod
507 1780 790 1828 frumentum
814 1780 1034 1843 significet
1057 1795 1178 1827 nunc
1201 1780 1376 1826 bonum
1406 1779 1518 1836 veri,
1553 1780 1603 1826 δε
1626 1795 1749 1826 nunc
1775 1779 1879 1826 boni
1906 1795 2085 1838 verum,
2122 1784 2198 1831 hic

236 1847 345 1893 bon'i
362 1861 539 1901 verum,
573 1846 677 1908 quia
694 1861 751 1892 ex
769 1845 953 1893 Coelesti
973 1845 1172 1900 Interno,
1206 1844 1332 1908 quod
1352 1843 1542 1908 Joseph.
1612 1843 1750 1908 Qod
1768 1845 1901 1892 afinae
1917 1849 2210 1907 portaverint<

234 1911 516 1958 frumentum
542 1912 592 1958 δε
614 1926 798 1973 panem,
831 1926 882 1958 ac
904 1911 1010 1957 afini
1034 1911 1207 1957 bonum
1232 1909 1447 1972 AEgypti,
1480 1909 1543 1957 est
1561 1909 1668 1973 quia
1686 1925 1767 1972 per
1783 1909 1924 1956 afinos
1948 1911 2198 1973 fignifican-

235 1989 309 2024 tur
331 1975 506 2023 servitia
528 1989 748 2040 quatenus
771 1977 815 2023 se
835 1975 1034 2023 referunt
1055 1976 1110 2022 ad
1135 1990 1314 2031 verum,
1349 1976 1399 2022 ὅτ
1422 1989 1502 2036 per
1518 1973 1656 2021 afinas
1689 1974 1997 2038 significantur
2018 1979 2199 2027 servitia

231 2054 454 2105 quatenus
475 2041 517 2087 se
549 2040 738 2088 referunt
759 2041 814 2088 ad
850 2042 1025 2088 bonum
1044 2061 1061 2096 ;
1096 2040 1202 2088 ideo
1237 2040 1365 2103 super
1387 2039 1513 2087 afinis
1538 2039 1830 2102 portabantur
1857 2040 1957 2088 talia
1979 2059 2086 2106 quae
2108 2046 2200 2092 illis·

236 2107 586 2163 conveniebant,
623 2108 673 2154 &
695 2106 826 2170 super
845 2107 1042 2153 afinabus
1065 2106 1168 2154 talia
1191 2121 1298 2169 quae
1320 2105 1407 2151 illis
1424 2126 1438 2159 3
1472 2106 1673 2168 alioquin
1693 2120 1784 2155 non
1801 2121 1918 2169 opus
1936 2106 2082 2157 fuisset
2098 2127 2194 2159 me·-

236 2187 430 2229 motare,
462 2172 589 2234 quod
614 2172 753 2218 effent
773 2172 878 2219 afini
903 2173 953 2219 δε
975 2171 1125 2228 afinae,
1159 2172 1210 2218 &
1233 2169 1344 2234 quid
1368 2171 1502 2218 illi&
1525 2171 1635 2234 quid
1658 2170 1732 2217 hae
1747 2184 1991 2235 portarent.

301 2236 444 2300 5960‘.
482 2236 546 2284 Et
580 2237 848 2284 alimentum
882 2236 999 2300 patri
1036 2236 1115 2283 suo
1138 2236 1192 2282 ad
1217 2237 1360 2293 viam,
1395 2236 1521 2299 quod
1553 2235 1774 2298 significet
1810 2253 1968 2286 verum
2003 2238 2187 2289 interius

233 2301 356 2349 bono
378 2301 591 2365 spirituali
611 2303 793 2358 interea,
827 2302 998 2349 constat
1014 2317 1071 2349 ex
1089 2300 1417 2362 significatione
1434 2301 1653 2357 alimenti,
1688 2301 1816 2365 quod
1835 2303 1885 2350 fit
1901 2319 2054 2352 verum
2074 2305 2190 2357 inte-

231 2367 340 2422 rius,
375 2366 463 2413 hoc
482 2367 603 2415 enim
628 2367 774 2416 existit
789 2383 814 2412 a
829 2369 938 2414 boni
957 2382 1067 2413 vero
1085 2368 1134 2415 &
1148 2366 1241 2414 veri
1261 2366 1401 2423 bono,
1437 2384 1545 2431 quae
1568 2367 1871 2428 fignificantur
1886 2384 1968 2431 per
1983 2369 2186 2418 frumen«

232 2444 332 2479 tum
363 2431 413 2479 δε
436 2447 617 2494 panem,
651 2435 765 2479 mox
799 2432 930 2496 supra
955 2448 1014 2478 n:
1042 2435 1166 2496 5958
1190 2453 1204 2486 3
1239 2431 1289 2477 δι’
1319 2441 1499 2496 quoque
1522 2448 1688 2479 verum·
1707 2431 1888 2480 inferius
1910 2433 1973 2480 est
1992 2435 2183 2482 alimen-

233 2508 334 2543 tum
357 2497 478 2543 bono
501 2496 717 2560 spirituali
740 2518 754 2551 ;
787 2512 846 2545 ex
879 2497 1268 2559 repraesentatione
1299 2495 1484 2553 Israelis,
1521 2498 1602 2560 qui
1628 2497 1699 2544 bic
1718 2497 1783 2543 est'
1804 2511 1945 2559 pater,
1980 2501 2103 2562 quod
2127 2503 2182 2549 fit

229 2562 406 2608 bonum
429 2560 671 2622 spirituale,
705 2562 760 2608 de
783 2578 872 2625 qua
893 2561 1021 2624 supra
1040 2578 1067 2608 n
1090 2579 1100 2608 ε
1127 2574 1252 2625 5957
1274 2580 1290 2614 ·,
1324 2563 1374 2609 &
1390 2577 1448 2608 ex
1464 2563 1786 2622 significatione
1802 2563 1862 2608 ad
1876 2564 2017 2618 viani,
2052 2567 2178 2628 quod

231 2626 285 2672 {it
325 2627 507 2682 interea,
556 2641 720 2689 nempe
759 2640 1001 2690 antequam
1024 2628 1215 2682 veniret,
1249 2624 1335 2673 hoc
1358 2626 1438 2683 est,
1471 2640 1713 2690 antequam
1752 2627 1883 2690 plena
1917 2628 2189 2691 conjunc'tio

227 2692 369 2740 fieret.

294 2757 442 2819 5961.⁴
473 2755 613 2802 Vers:
643 2770 719 2814 24·
747 2772 769 2802 2
778 2771 821 2818 5.
849 2758 927 2806 26.
949 2769 1031 2822 27.
1060 2761 1137 2806 28.
1206 2759 1272 2806 Et
1289 2757 1445 2817 dimtstt
1456 2758 1630 2820 fratres
1654 2758 1773 2820 ficos,
1809 2757 1865 2806 69⁹
1893 2760 2082 2816 iverunt,
2119 2762 2177 2810 &⁷

226 2821 332 2874 dixit
354 2822 412 2869 ad
439 2820 547 2875 illos,
581 2835 632 2867 ne
653 2821 903 2870 contendatis
941 2823 985 2868 in
1020 2825 1110 2872 via.
1181 2825 1245 2871 Et
1282 2822 1551 2886 ostenderunt
1572 2838 1621 2870 ex
1645 2824 1848 2884 AEgyptO,
1884 2823 1939 2871 69²
1970 2838 2174 2872 venerum

189 2894 192 2896 ’
227 2896 387 2932 terram
410 2886 590 2933 Canaan
604 2884 665 2931 ad
678 2886 887 2946 Jacobum
902 2896 1070 2946 patrem
1091 2904 1244 2935 eorum.
1319 2891 1378 2935 Et
1393 2887 1687 2935 indicaverunt
1702 2888 1782 2943 illi,
1818 2887 2001 2944 dicendo,
2037 2890 2174 2939 adhuc:

228 2952 380 3011 Joseph
411 2953 544 3004 vivit,
580 2949 635 2998 ξεῖ
655 2951 763 3012 quod
782 2951 852 2998 ille
872 2951 1083 2999 dominans
1111 2955 1158 2999 in
1177 2955 1288 3000 omni
1306 2964 1429 3000 terra
1459 2953 1671 3016 AEgypti;
1722 2953 1777 3001 &³
1806 2952 1954 3013 defecit
1977 2970 2046 2999 cor
2068 2948 2173 3017 ejus,

227 3017 326 3076 quia
342 3031 423 3063 non
444 3014 618 3062 credidit
638 3016 738 3064 illis.
808 3018 872 3063 Et
892 3017 1052 3079 loquuti
1062 3017 1167 3079 fiant
1187 3017 1247 3065 ad
1266 3018 1388 3066 illum·
1401 3020 1538 3064 omnia
1554 3017 1688 3063 verba
1705 3018 1889 3078 Josefhi,
1924 3034 2014 3080 quae
2030 3019 2172 3083 loquu-

229 3087 299 3125 tus
319 3079 377 3126 ad
393 3080 516 3140 illos,
546 3079 605 3128 ἐξ
625 3079 737 3128 vidit
757 3081 955 3129 vehicula
975 3098 1067 3145 quae
1087 3082 1200 3142 mistt
1221 3083 1379 3144 Joseph
1414 3082 1473 3128 ad
1492 3082 1716 3143 ferendum
1753 3083 1903 3134 illum-3
1940 3083 1995 3130 δέ’
2019 3089 2177 3132 revixit

228 3143 397 3206 spiritus
417 3144 567 3205 Jacobi
573 3147 719 3208 patris
740 3146 926 3197 illorum.
995 3148 1057 3195 Et
1079 3146 1191 3197 dixit·
1211 3149 1360 3211 Israel,
1394 3147 1586 3204 multum,
1621 3147 1754 3200 adhuc
1771 3147 1924 3210 Joseph
1930 3147 2050 3208 filius
2067 3166 2179 3197 meus
2269 3207 2271 3209 ¹

281 3223 284 3225 '
694 3263 697 3266 ,
2044 3226 2182 3272 vtztt,
