2566 3640
590 184 932 265 CAPUT
969 147 2054 276 QUINQUAGESIMUM.
2178 212 2316 273 552

323 321 458 387 supra
490 337 554 371 a:
588 322 755 388 64993
790 320 922 370 &ex
945 321 1275 383 significatione
1310 335 1366 368 ne
1389 319 1603 376 timeatis,
1640 325 1764 384 quod
1810 320 1861 368 fit
1902 336 1992 368 non
2034 319 2207 370 solliciti
2239 323 2305 371 es-

322 390 434 447 sent,
470 390 523 438 &
562 396 671 455 quia
705 387 1009 436 sollicitudine
1061 388 1139 436 illa
1180 389 1227 435 i‘n
1266 402 1386 436 nunc
1422 389 1709 451 sequentibus
1751 386 1924 450 Jol'eph
1973 387 2073 434 illos
2103 389 2305 447 abducit,

319 457 741 512 consoimdoinos,
775 456 827 503 ὅτ
862 454 1095 518 loquendo
1131 454 1261 519 super
1293 469 1372 501 cor
1406 454 1606 510 illorum,
1642 452 1748 501 ideo
1791 453 1866 500 hic
1899 469 1979 518 per
2014 469 2070 500 ne
2108 456 2306 504 timeatis

320 523 599 588 fignificatur
624 524 858 570 recreatim
1012 558 1014 560 -

389 589 532 653 657‘0.
568 591 696 654 Qia
729 604 842 636 num
874 603 961 653 pto
984 587 1094 635 Deo
1127 602 1234 650 ego,
1284 585 1412 652 quod
1446 586 1668 649 significet
1698 585 1825 649 quod
1860 587 1989 634 Deus
2024 587 2305 650 providebit,

319 656 490 704 c'onstat
503 671 561 703 ex
576 656 902 720 fignificatione
919 669 1030 702 num
1049 669 1132 717 pro
1150 655 1255 701 Deo
1273 668 1381 715 ego,
1417 653 1547 719 quod
1573 652 1623 699 fit
1647 666 1736 698 non
1761 653 1845 700 efle
1870 653 2046 711 Deum,
2083 654 2155 701 sed
2175 655 2306 719 quod

322 723 452 772 Deus
477 722 754 785 providebit.

386 789 532 853 6571.
570 789 632 836 Et
652 804 739 836 vos
761 786 992 848 cogitastis
1017 785 1149 850 super
1172 801 1248 834 me
1271 786 1463 841 malum,
1514 786 1638 849 quod
1666 785 1891 847 significet
1916 786 2042 848 quod
2069 803 2175 851 quae
2199 787 2300 835 aba·

314 854 481 904 lienata
498 856 613 904 nibil
628 855 712 903 nisi
732 854 909 902 malum*
922 854 1178 909 intendant,
1231 853 1404 900 constat
1417 867 1475 898 ex
1489 852 1883 914 repraesentatione
1902 850 2104 901 filiorum
2122 853 2304 914 Jacobi,

312 925 396 985 qui
419 922 494 970 hic
517 922 619 970 sunt
639 937 736 977 vos,
772 920 898 984 quod
923 919 1007 967 fint
1028 919 1274 966 abalienata
1296 935 1321 965 a
1340 933 1448 965 vero
1471 919 1521 965 δε
1547 920 1685 974 bono,
1719 920 1777 964 de
1794 934 1885 981 qua
1906 925 2035 982 lupra
2054 935 2081 965 n
2100 937 2109 964 ε
2139 921 2166 966 6
2173 923 2197 981 5
2206 936 2266 982 57
2286 928 2306 975 ;'

315 1004 422 1036 cum
435 988 559 1036 enim
579 988 754 1037 malum
768 987 1029 1048 cogitarunt·
1044 997 1199 1033 eontra
1216 984 1487 1048 Josephum,
1505 997 1613 1031 tunc
1636 986 2014 1047 repraesentabant
2030 985 2274 1034 abalienata
2287 1006 2306 1041 ·,

314 1070 374 1103 ex
397 1050 722 1118 fignificatione
744 1056 944 1114 cogitare
967 1051 1100 1116 ssipen·
1122 1051 1413 1107 me'malum,
1467 1051 1594 1115 quod·
1618 1050 1669 1097 fit
1695 1052 1862 1098 maium
1886 1053 2136 1108 intendere,
2191 1068 2300 1099 nam

316 1122 488 1170 malum
520 1122 647 1186 quod
680 1115 901 1183 cogitatur
931 1131 1089 1167 contra
1116 1118 1335 1181 aliquem,
1386 1118 1477 1165 hoc'
1507 1116 1758 1164 intenditur
1777 1137 1794 1171 ς
1848 1119 1896 1166 &
1923 1117 2027 1188 quia
2049 1118 2301 1166 abalienata

316 1204 406 1236 non
433 1186 1086 1251 poffuntintenderqbonum,
1123 1184 1228 1232 ideo
1249 1184 1429 1240 dicitur,
1465 1184 1591 1247 quod
1617 1183 1726 1244 nihil
1745 1184 1825 1245 nist
1847 1186 2019 1231 malurn
2045 1185 2298 1233 intendant.

316 1255 565 1312 Currrltoc,
600 1253 728 1318 quod
752 1252 997 1300 abalienata
1020 1265 1046 1298 a
1069 1250 1178 1298 vero
1197 1251 1251 1298 δι’
1273 1251 1398 1298 bono
1422 1250 1535 1296 nihil
1562 1249 1640 1296 nifi
1665 1250 1840 1298 malurn
1868 1251 2116 1306 intendant,
2171 1254 2231 1298 ita
2256 1253 2301 1298 se

315 1321 451 1371 habet
468 1341 486 1376 ·‚·
534 1322 680 1368 horno
703 1317 1080 1384 qui'abal'renatus
1102 1316 1215 1364 esta
1239 1317 1364 1365 bono
1388 1317 1437 1364 ὅτ
1460 1331 1586 1370 vero,
1639 1314 1749 1373 nihil
1776 1318 1853 1364 niii
1884 1318 2060 1365 malum
2084 1318 2300 1374 intendit,

315 1401 425 1436 nam
447 1389 621 1436 bonum
643 1401 732 1434 non
754 1384 896 1447 potest
918 1406 933 1440 ;
968 1385 1018 1432 δε
1038 1383 1165 1448 quod
1182 1383 1396 1439 intendit,
1433 1383 1519 1442 hoc
1535 1395 1697 1445 regnat
1716 1384 1842 1446 ‘apud
1869 1384 2019 1440 illum,
2056 1398 2107 1431 ac
2132 1384 2234 1432 ideo
2259 1384 2297 1430 i-

314 1454 648 1515 neffiomnibus
673 1451 767 1515 ejus
786 1450 1153 1512 cogitationibus,
1189 1450 1238 1497 ὅτ
1262 1463 1449 1513 quoque
1474 1449 1678 1496 minimis
1701 1449 1814 1512 ejus,
1869 1466 1972 1497 nam
2000 1451 2202 1497 Intentio
2224 1449 2299 1497 seu

316 1522 443 1570 Finis
460 1521 524 1568 est
541 1519 755 1584 ipsrffima
773 1518 877 1565 vita⁴
891 1517 1108 1573 hominis,
1143 1516 1206 1562 est
1224 1518 1347 1562 enim
1368 1516 1468 1562 finis
1488 1531 1616 1561 amor
1634 1513 1745 1577 ejtJS,
1781 1518 1830 1563 ὅτ
1849 1531 1980 1563 amor
2003 1516 2067 1564 est
2086 1519 2178 1563 vita
2195 1538 2210 1571 ς
2246 1518 2298 1564 &

310 1588 438 1652 q'nod
464 1586 630 1650 magiS,
667 1585 813 1632 h'omo
835 1582 900 1629 est
922 1582 1100 1646 prorsus
1118 1581 1266 1644 qualis
1282 1581 1344 1629 est
1370 1582 1471 1629 finis
1494 1582 1618 1644 apud
1647 1581 1794 1637 illum,
1830 1580 1886 1630 δῖ’
1904 1598 2093 1647 quoque
2118 1581 2209 1645 ejus
2232 1581 2298 1630 ef-

311 1655 453 1718 figies-
467 1652 531 1702 est
553 1652 652 1700 talis
673 1650 719 1698 in
742 1650 838 1696 luce
859 1647 998 1703 coe1i3
1033 1649 1082 1696 &
1105 1648 1233 1711 quod
1257 1647 1372 1695 forte
1397 1647 1643 1704 miraberiS,
1681 1649 1826 1711 qualis
1850 1649 1914 1695 est
1936 1648 2110 1710 effigies
2133 1647 2224 1712 ejus
2249 1649 2297 1696 in

309 1719 565 1775 communi,
603 1716 699 1765 talis
718 1714 973 1777 estc-effigies
996 1714 1302 1762 minimorum
1325 1712 1421 1777 ejus
1440 1713 1683 1761 voluntatis
1703 1736 1717 1768 ;
1754 1715 1815 1762 ita
1840 1715 1981 1762 homo
2007 1731 2127 1762 totus
2150 1731 2299 1779 quan-

269 1795 276 1798 ”
311 1799 384 1836 tus
401 1786 465 1833 est
488 1786 592 1834 finis
607 1784 750 1836 suun
805 1781 908 1828 inde
927 1779 1126 1828 constare
1151 1779 1316 1844 potest,
1352 1781 1479 1843 quod
1507 1780 1676 1836 homo,
1704 1783 1783 1844 qui
1807 1781 1869 1827 est
1895 1781 1997 1827 finis
2023 1782 2182 1838 maluS,
2219 1798 2297 1830 ne·

311 1867 551 1918 quaquam
566 1850 700 1915 poffit
721 1848 808 1896 effe
833 1851 948 1895 inter
972 1847 1073 1894 illos
1096 1847 1177 1911 qui
1203 1846 1301 1893 sunt
1323 1846 1437 1893 fines
1459 1847 1586 1902 boni,
1623 1846 1684 1892 ita
1707 1849 1789 1911 qui
1814 1848 1859 1894 in
1885 1847 2074 1904 inferno,
2124 1864 2297 1912 nequa-

310 1932 453 1986 quam
478 1922 524 1966 in
547 1916 704 1970 coelo·,
755 1915 867 1962 fines
890 1914 1014 1960 enim
1037 1913 1314 1976 confligunt,
1350 1913 1398 1959 &
1425 1913 1536 1960 fines
1561 1912 1668 1959 boni
1693 1915 1885 1960 vincunt
1907 1914 2015 1978 quia
2038 1930 2061 1960 a
2086 1914 2291 1964 Divino:

307 1985 475 2034 exinde
498 1984 633 2032 etiam
657 1981 856 2028 constare
881 1979 1043 2042 potest,
1079 1982 1206 2044 quod
1233 1994 1323 2025 non
1349 1992 1453 2026 vere
1475 1979 1694 2039 cogitent,
1738 1981 1819 2044 qui
1842 1982 2029 2028 credunt
2052 1980 2097 2027 in
2120 1980 2295 2029 coelum

308 2050 434 2118 poffe
453 2047 693 2100 intromitti
704 2049 1066 2109 -unurnquemvis
1083 2062 1140 2093 ex
1161 2045 1248 2092 sola
1269 2044 1596 2100 misericordia;
1633 2045 1665 2093 fi
1682 2046 1807 2094 enim
1825 2046 1905 2111 qui
1927 2046 2029 2095 finis
2047 2047 2192 2095 malus
2207 2047 2294 2106 est,

311 2121 356 2168 in·
379 2119 551 2167 coelum
576 2115 720 2171 venit,
757 2114 931 2161 laborat
953 2113 1046 2160 vita
1061 2111 1157 2176 ejus
1180 2111 1288 2158 sieut
1305 2113 1384 2175 qui
1412 2115 1456 2158 in
1481 2126 1632 2175 agone
1653 2115 1810 2160 mortis
1826 2113 1961 2176 jacet,
1999 2115 2049 2161 δε
2071 2115 2169 2161 dire
2192 2114 2293 2162 cru‘-

307 2185 467 2241 cia-tur,
535 2195 701 2247 praeter
748 2180 875 2245 quod
919 2179 963 2227 in
1004 2178 1105 2228 luce
1144 2178 1247 2225 coeli
1290 2177 1351 2224 ibi
1393 2191 1599 2242 appareat
1637 2191 1690 2226 ut
1727 2178 1962 2228 diabolus:
2000 2180 2106 2227 inde
2146 2193 2290 2243 patet,

307 2253 434 2317 quod
468 2253 547 2314 qui
579 2247 817 2295 abalienati
860 2245 960 2293 sunt
994 2261 1018 2291 a
1053 2261 1162 2292 vero
1198 2246 1247 2292 δε
1280 2245 1419 2302 bono,
1473 2261 1563 2292 non
1602 2247 1770 2308 possint
1811 2246 1892 2293 nifi
1931 2263 2074 2310 quam
2117 2247 2290 2295 malum

309 2319 513 2380 cogitare
535 2335 552 2371 ς
605 2316 656 2363 &
690 2313 817 2377 quod
858 2312 946 2360 hoc
986 2312 1040 2359 sit
1080 2312 1124 2358 in
1168 2311 1370 2357 minimis
1411 2327 1565 2358 eorum
1607 2312 1894 2375 cogitationis
1934 2315 1984 2360 &
2026 2314 2289 2369 voluntatis,

311 2382 547 2435 manifeste
572 2393 694 2443 patet
716 2395 771 2426 ex
798 2378 981 2442 sphaera,
1018 2395 1124 2442 quae
1147 2378 1382 2423 exhalatur
1406 2393 1462 2424 ex
1486 2378 1643 2430 talibus
1666 2386 1691 2424 e
1715 2378 1991 2442 longinquo,
2042 2381 2293 2443 percipitur

306 2451 433 2499 enim
458 2447 612 2497 exilia
634 2445 786 2511 quales
811 2445 945 2500 sunt,
987 2443 1242 2509 sphaerailia
1256 2443 1317 2491 est
1335 2444 1446 2492 ficut
1479 2444 1741 2507 evaporatio
1774 2443 2010 2508 spiritualis
2043 2461 2070 2492 e
2105 2445 2292 2507 singulis

307 2519 435 2566 vitae.
793 2514 798 2516 ’
868 2526 870 2529 ·

378 2583 538 2646 6572„
557 2580 685 2627 Deus
702 2576 924 2644 cogitavit
948 2577 992 2625 id
1021 2577 1283 2635 inbomrm,
1336 2575 1460 2640 quod
1487 2578 1708 2639 significet
1742 2577 1867 2640 quod
1894 2577 2119 2625 Divinum
2145 2590 2292 2628 vertat

310 2649 359 2697 id
381 2651 427 2697 in
446 2650 641 2701 bonum,
676 2646 850 2692 constat
871 2659 928 2690 ex
953 2645 1278 2707 significatione
1297 2645 1498 2704 cogitare
1516 2647 1559 2690 in
1585 2645 1774 2699 bonum,
1811 2644 1934 2707 quod
1959 2645 2012 2691 fit
2036 2645 2288 2702 intendere,

307 2716 367 2764 de
400 2730 490 2780 qua
519 2727 631 2760 mox
666 2710 792 2773 supra
818 2726 875 2756 n:
902 2710 1052 2771 6571,
1091 2711 1160 2757 sed
1188 2713 1294 2774 quia
1319 2710 1484 2757 dicitur
1506 2711 1562 2757 de
1586 2711 1707 2767 Deo,
1743 2709 1804 2757 est
1831 2724 1999 2758 vertere
2024 2711 2068 2758 in
2094 2712 2288 2769 bonum,

311 2798 417 2831 narn
438 2779 711 2842 quod'Deus
737 2774 953 2830 intendit,
992 2776 1077 2824 hoc
1106 2777 1227 2823 facit.
1545 2809 1547 2811 -

380 2850 524 2909 6573.
564 2844 757 2906 Propter
789 2843 927 2890 facere
962 2842 1207 2890 secundum
1239 2841 1364 2888 diem
1399 2843 1537 2897 bime,
1591 2841 1715 2906 qood
1742 2843 1793 2890 fit
1816 2843 1944 2905 quod
1969 2843 2013 2890 id
2041 2844 2287 2895 ficundum

310 2910 518 2964 ordinem
544 2912 600 2957 ab
623 2923 812 2965 aeterno,
865 2908 1034 2956 constat
1056 2925 1111 2956 ex
1136 2909 1464 2970 significatione
1484 2908 1643 2964 facere,
1693 2925 1800 2956 cum
1822 2909 1986 2956 dicitur
2008 2910 2064 2967 de
2092 2912 2287 2969 Divino,

310 2981 438 3044 quod
464 2979 515 3026 sit
539 2976 672 3039 ordo,
709 2991 810 3023 nam
836 2975 1055 3038 quicquid
1075 2976 1301 3021 Divinum
1328 2973 1444 3028 facit,
1481 2974 1544 3020 est
1578 2975 1694 3021 ordo
1715 2995 1731 3028 ·‚
1782 2977 1832 3023 δε
1865 2991 1921 3022 ex
1958 2976 2290 3037 significatione

312 3046 562 3094 seeundum
582 3043 705 3089 diem
726 3042 859 3098 hunc,
883 3042 1008 3105 quod
1026 3042 1077 3089 fit
1095 3042 1151 3088 ab
1169 3055 1357 3097 aeterno,
1383 3041 1437 3087 de
1457 3056 1546 3105 qua
1565 3057 1617 3086 n:
1638 3042 1780 3104 2838.
1803 3046 1947 3105 2998.
1968 3060 2118 3105 4304.
2139 3045 2288 3105 6165.

316 3113 376 3160 62
420 3115 464 3160 8.

379 3128 524 3243 2574.
562 3176 643 3225 Ad
676 3171 1007 3224 vivificandum
1043 3173 1274 3239 populum
1312 3187 1552 3235 magnum,
1604 3173 1734 3237 quod
1769 3166 1990 3237 significet
2023 3175 2148 3241 quod
2184 3175 2294 3222 inde

2191 3253 2291 3289 vita
