2670 3698
369 233 461 300 30
724 187 1976 285 GE'NE4SIS.

355 341 475 404 6quia
499 340 681 389 affectio
704 341 992 404 angelorum,
1030 342 1111 407 qui
1133 344 1179 390 in
1196 341 1277 390 illo
1302 339 1442 398 sunt,
1455 343 1851 406 communicatum
1886 327 1992 390 inde
2011 357 2196 407 quoque
2213 330 2366 407 patei}

359 409 496 471 :quod
521 409 728 455 Verbum
753 410 914 456 datum
935 408 987 456 sit
1005 409 1201 467 homini,
1236 422 1289 456 ut
1311 409 1670 458 communicatio
1687 411 1728 458 ei
1744 409 1799 457 fit
1820 419 1924 470 cum
1945 410 2082 466 coelo,
2119 423 2260 475 thue
2279 412 2365 458 Di-

363 477 533 522 vinum
560 477 753 530 Verum,
789 471 952 550 quod
940 491 986 521 ιιι
1013 475 1168 532 Coelo,
1205 493 1285 545 per
1310 476 1538 524 influxum
1562 476 1739 526 afficiat.
1799 487 1802 491 ’

440 558 494 601 52
505 544 584 601 48.
624 540 688 587 Et
718 543 914 589 mutavit
949 541 1110 598 vestes,
1146 541 1273 617 quod
1309 543 1535 605 significet
1573 541 1772 616 quoadi
1762 541 1836 588 illa
1857 542 1966 609 quae
2002 522 2103 606 sunt
2141 542 2364 590 interioria
2440 565 2444 568 ·

369 608 596 662 naturalis,
635 606 869 654 induendo
902 610 1203 665 covenientia,
1238 609 1410 657 constat
1432 625 1456 655 a
1481 608 1681 672 significa
1687 609 1805 656 tione
1832 619 2021 664 mutare,
2055 609 2183 672 quod
2209 598 2275 656 [it
2295 603 2365 656 re-'

369 688 556 720 movere
577 676 626 720 ὅτ
651 672 860 734 rejicere3
896 675 946 721 ὅτ
963 690 1020 720 ex
1043 676 1367 738 significatione
1388 648 1611 743 vestium,-
1641 675 1763 739 quod
1791 676 1872 722 sint
1896 674 1983 721 illa
1993 682 2100 738 'quae
2126 672 2225 722 sunt
2247 677 2364 724 inte-

373 739 500 786 rioris
527 740 752 796 naturaliS,
783 741 840 786 de
864 755 953 803 qua
980 741 1208 806 sequitur3
1245 742 1368 806 quod
1389 731 1592 789 induerit
1614 741 1949 796 convenientia,
1987 750 2094 801 quae
2119 756 2199 803 per
2221 736 2382 789 novasr

360 804 512 852 vestes
538 806 864 869 significantur,
902 807 1006 853 inde
1032 809 1146 855 fluit.
1219 808 1376 855 Vestes
1403 822 1712 864 memorantur
1736 805 1825 871 saep
1831 809 1897 853 ius
1919 805 1967 853 in
1994 807 2165 862 Verbo,
2201 807 2251 854 &
2287 821 2367 882 per

332 924 339 937 -,
370 873 465 918 illas
482 873 809 935 intelliguntur
831 889 880 919 ea
904 889 1008 937 quae
1034 874 1149 921 infra
1166 873 1247 921 seu
1273 888 1395 921 extra
1426 874 1544 930 sunt,
1571 890 1629 920 ac
1657 887 1820 934 tegunt
1846 890 1895 920 ea
1920 889 2025 937 quae
2052 872 2180 934 supra
2205 873 2305 921 seu
2295 890 2372 920 m-

367 954 437 986 tra
462 938 902 1003 lunt-3qu1propter
928 955 1007 1002 per
1031 941 1177 987 vestes
1198 942 1474 1003 significatur
1507 954 1742 988 externum
1768 941 1980 996 hominis,
2019 940 2208 1002 proinde
2234 952 2365 986 natu·

374 1005 481 1060 rale,
519 1022 626 1052 nam
653 1006 737 1052 hoc
772 1006 886 1066 tegit
904 1006 1141 1055 internum
1165 1005 1256 1069 ejus
1281 1009 1331 1054 ὅτ
1367 1006 1623 1071 spirituale3
1661 1007 1704 1053 in
1740 1006 1884 1070 specie
1910 1021 1989 1069 per
2013 1005 2156 1053 vestes
2191 1006 2365 1066 fignifi-

364 1086 533 1118 zcantur
556 1087 660 1117 vera
685 1087 791 1135 quae
812 1073 936 1128 fidei,
972 1075 1077 1137 quia
1102 1074 1214 1137 liaec
1216 1083 1399 1137 tegunt
1424 1074 1539 1120 bona
1570 1088 1676 1138 quae
1709 1072 1960 1120 charitatis:
1997 1071 2084 1119 hoc
2109 1072 2368 1135 significati·

371 1151 501 1185 vum
518 1139 652 1184 habet
677 1140 904 1209 originem
932 1139 1053 1185 suam
1074 1155 1141 1190 -,ex
1161 1136 1374 1194 vestibus,
1411 1133 1588 1203 quibus
1600 1130 1779 1201 spiritus
1804 1139 1853 1186 &
1877 1137 2031 1204 angeli
2056 1145 2276 1212 apparent
2300 1140 2369 1186 in-

364 1205 513 1258 trun,
552 1204 724 1266 spiritus
748 1203 963 1267 apparent
998 1208 1043 1251 in
1062 1204 1259 1251 vestibus
1276 1202 1446 1268 absque
1464 1202 1714 1268 splendOre,
1751 1204 1900 1267 angeli
1925 1205 2078 1250 aut‘em
2103 1205 2147 1250 in
2175 1202 2371 1253 v'est'ibus

363 1288 483 1317 zum
505 1270 756 1333 splendore,
793 1272 841 1317 &
865 1270 986 1333 quafi
1011 1286 1035 1317 a
1055 1270 1307 1333 splendore,
1345 1287 1452 1317 nam
1488 1269 1581 1333 ipse
1613 1269 1823 1333 splendor
1844 1270 2013 1316 circum
2051 1269 2150 1316 illos
2183 1282 2371 1334 apparet

373 1338 488 1384 ‘ficut
511 1337 661 1394 vestis,
698 1336 753 1383 ad
779 1335 911 1382 instar
934 1337 1046 1399 ficut
1071 1338 1338 1384 vestimenta
1372 1336 1583 1383 Domino
1615 1352 1722 1383 cum
1748 1335 2103 1391 transformatus,
2139 1351 2246 1398 quae
2270 1335 2371 1384 sue-

375 1417 479 1449 runt
503 1403 560 1449 fic
585 1418 635 1450 ut
656 1403 786 1458 Lux,
825 1402 1015 1449 Matth:
1041 1418 1184 1449 xvu:
1213 1417 1257 1457 2,
1294 1404 1343 1450 &
1369 1402 1479 1450 ficut
1516 1394 1672 1449 album
1700 1400 1964 1464 fulgurans,
2003 1402 2135 1451 Luc:
2163 1417 2241 1448 tx:
2270 1418 2369 1467 293

375 1485 433 1515 ex
460 1469 649 1516 vestibus
672 1469 810 1517 etiam
835 1468 1013 1531 spiritus
1036 1470 1086 1516 ὅτ
1109 1469 1258 1531 angeli
1281 1466 1493 1532 cognosci
1531 1469 1728 1532 possunt,
1766 1469 1917 1532 quales
1953 1468 2053 1515 sunt
2091 1468 2240 1532 quoad
2264 1484 2371 1517 vera

377 1536 484 1583 fidei
509 1537 616 1598 quia
641 1536 734 1582 haee
757 1551 838 1598 per
854 1534 1001 1582 vestes
1023 1535 1418 1600 repraesentantur,
1445 1534 1519 1581 sed
1543 1550 1654 1587 vera
1673 1533 1781 1583 fidei
1802 1534 1955 1600 qualia
1974 1526 2102 1582 sunt
2093 1550 2137 1581 ιιι
2160 1535 2370 1596 naturali,

369 1602 532 1675 qualia
555 1614 708 1649 autem
736 1601 780 1648 in
820 1601 1040 1657 rationali,
1078 1613 1265 1666 apparet
1303 1618 1362 1649 ex
1385 1601 1493 1649 facie
1536 1602 1586 1648 &
1620 1599 1716 1665 ejus
1752 1601 2124 1666 pulchritudine,
2155 1594 2375 1666 splendor

369 1684 457 1732 qui
476 1667 680 1715 vestibus
703 1683 892 1725 eorum,
929 1668 991 1715 est
1015 1684 1070 1716 ex
1096 1670 1218 1715 bono
1241 1668 1406 1716 amoris
1431 1669 1479 1715 &
1503 1667 1747 1724 charitatis,
1785 1667 1872 1719 hoc
1892 1668 2067 1715 honum
2092 1681 2171 1731 per
2188 1662 2375 1719 transsu-

376 1734 571 1782 centiam
596 1735 673 1781 dat
697 1733 1017 1801 splendorem
1054 1750 1111 1781 ex
1134 1735 1202 1781 his
1225 1734 1424 1782 constare
1448 1734 1612 1798 potest,
1647 1734 1761 1798 quid
1803 1750 1883 1797 per
1905 1732 2051 1782 vestes
2081 1731 2376 1798 repraesenta·

375 1814 454 1849 tur
477 1802 538 1846 in
549 1800 765 1863 fpir'itual
756 1819 769 1847 1
794 1795 989 1859 mundo,
1014 1800 1340 1877 consequenter
1359 1800 1473 1865 quid
1498 1800 1641 1848 vestes
1659 1800 1827 1848 suntin
1848 1799 2066 1863 spirituali
2091 1799 2232 1848 sensu.
2277 1800 2374 1847 Ve-

380 1867 483 1914 stes
481 1880 664 1924 autem,
700 1883 807 1931 quas
833 1866 1061 1932 Josephus
1086 1869 1300 1923 mutavit,
1337 1881 1501 1930 nempe
1538 1882 1647 1929 quas
1671 1869 1815 1924 exuit,
1852 1865 2036 1915 fuerunt
2058 1865 2202 1914 vestes
2225 1865 2375 1914 foveae

381 1932 458 1980 seu
487 1935 683 1990 carceriS,
720 1950 799 1996 per
823 1950 933 1997 quas
958 1934 1266 1996 significantur
1304 1933 1476 1983 fallacia
1502 1935 1550 1982 ὅτ
1574 1932 1696 1990 falsa,
1729 1928 1837 1998 quae
1862 1933 1907 1980 in
1930 1931 2234 1981 tentationum
2256 1931 2374 1981 statu

378 2016 403 2046 a
422 1999 550 2046 malis
567 2000 709 2062 geniis
719 2001 774 2048 ὅτ
790 1999 1013 2075 spiritibus
1026 2001 1296 2057 excitantur,
1314 2011 1595 2077 qua-propter
1610 2016 1689 2064 per
1701 2000 1902 2048 mutavit
1916 1999 2076 2056 vesteS,
2096 1999 2379 2062 fignificatur

379 2064 567 2129 rejectio
590 2066 640 2113 ὅτ
665 2068 860 2113 mutatio
882 2067 1034 2132 quoad
1059 2066 1132 2115 iila
1154 2084 1261 2132 quae
1284 2067 1509 2118 interioris
1533 2067 1758 2141 naturalis,
1793 2067 1843 2115 δε
1878 2065 2021 2114 vestes
2056 2081 2169 2130 quas
2203 2064 2374 2123 induit,

381 2132 567 2180 fuerunt
590 2133 694 2182 talia
712 2149 821 2195 quae
858 2133 1166 2190 convenirent,
1202 2147 1476 2199 quapropter
1498 2134 1634 2182 etiam
1675 2133 1952 2196 significatur
1990 2131 2187 2179 induitio
2208 2147 2377 2180 conve-

384 2198 625 2246 nientium.
694 2198 947 2247 Videantur
960 2214 1073 2264 quae
1095 2200 1220 2264 prius
1258 2200 1316 2247 de
1341 2200 1539 2247 vestibus
1563 2200 1683 2247 dicta
1722 2202 1772 2248 ὅτ
1813 2197 1986 2247 ostensa
2024 2197 2148 2262 sunt,
2188 2213 2376 2262 nempe,

381 2264 514 2328 quod
553 2264 754 2312 coelestia
792 2282 884 2313 non
924 2265 1186 2323 vestiantur,
1221 2266 1297 2313 sed
1338 2266 1585 2330 spiritualia
1624 2267 1674 2314 &
1698 2266 1931 2322 naturalia,
1966 2280 2026 2311 n:
2049 2279 2160 2329 297.
2230 2265 2378 2330 Qiod

385 2330 529 2378 vestes
562 2331 648 2379 fint
680 2331 1022 2381 verainfer’rora
1061 2332 1324 2396 respeeuve,
1360 2349 1424 2380 ιι.
1461 2347 1603 2396 1073.
1633 2333 1776 2398 2576.
1847 2330 1993 2395 Qod
2034 2342 2210 2380 mutare
2234 2330 2380 2379 vestes

385 2395 525 2445 fuerit
547 2397 985 2462 repraesentativum,
1020 2399 1151 2465 quod
1186 2398 1481 2446 induerentur
1517 2399 1665 2447 sancta
1703 2414 1825 2456 vera,
1862 2397 1969 2445 inde
2008 2412 2195 2462 quoque
2230 2397 2378 2445 vestes

389 2464 709 2520 mutatatoriae‚
739 2481 808 2513 ·:n
833 2481 980 2528 4545.
1046 2464 1198 2528 Qod
1220 2464 1484 2514 discindere
1491 2465 1635 2513 vestes
1657 2464 1796 2513 fuerit
1829 2463 2245 2528 repraesentativum
2285 2464 2379 2512 luc·

387 2544 459 2576 tus
484 2530 611 2594 super
635 2546 798 2579 ver-um
837 2531 1049 2580 amiffum
1086 2533 1139 2580 ec
1162 2531 1473 2595 deperditum,
1510 2548 1570 2579 n:
1601 2532 1749 2596 4763.
1818 2530 1952 2596 Qid
1985 2529 2264 2596 significatur
2295 2545 2378 2596 per

386 2595 526 2644 illum
560 2597 642 2661 qui
679 2597 876 2646 intravit
902 2614 995 2646 non
1029 2598 1154 2646 veste
1193 2599 1384 2664 nuptiali
1426 2598 1612 2646 indutus
1642 2614 1702 2646 n:
1729 2613 1875 2661 2132.

459 2677 604 2726 5249.
639 2662 703 2710 Et
718 2663 846 2711 venit
863 2664 919 2711 ad
940 2664 1243 2722 Pharaonem,
1279 2665 1406 2729 quod
1427 2665 1651 2729 significet
1672 2663 2140 2712 communicationem
2162 2680 2272 2713 cum
2296 2678 2378 2712 no·

386 2743 453 2774 ‘vo
475 2727 702 2800 Naturali,
724 2730 897 2778 constat
919 2746 945 2777 a
969 2730 1292 2794 fignificatione
1315 2730 1480 2790 venire,
1514 2731 1642 2797 quod
1666 2730 1721 2779 fit
1738 2730 2096 2780 communicatio
2120 2730 2193 2779 hic
2214 2744 2296 2794 per
2313 2729 2381 2777 in-

387 2794 607 2851 fluxum-3
641 2797 692 2844 &
714 2811 772 2843 ex
793 2795 1185 2861 repraesentatione
1210 2796 1466 2854 PharaoniS,
1501 2798 1628 2872 quod
1662 2796 1719 2846 fit
1756 2811 1933 2848 novum
1957 2796 2170 2856 naturale,
2203 2795 2264 2843 de
2287 2802 2386 2861 qua

441 2874 636 2936 ·5079.
663 2864 809 2924 5080.
847 2876 993 2924 5244.
1061 2862 1194 2940 Qid
1231 2863 1346 2920 haec,
1394 2879 1529 2928 quae
1535 2864 1583 2912 in
1622 2862 1710 2913 hoc
1746 2864 1904 2923 Versu,
1947 2862 2206 2919 involvunt,
2284 2874 2379 2910 atet

387 2925 502 2974 abl
470 2942 483 2974 ι
488 2926 556 2975 llis
578 2943 687 2993 quae
708 2928 930 2992 explicata
953 2929 1081 2984 sunt3
1115 2931 1266 2992 agitur
1290 2932 1414 2979 enirn
1438 2930 1495 2978 de
1520 2930 1745 2995 Josepho,
1781 2924 2020 3003 quomodo
2063 2927 2101 2976 is
2140 2944 2199 2976 ex
2258 2943 2376 2977 ovea

386 2992 600 3041 liberatus
622 2993 704 3051 est,
741 2996 791 3044 &
814 2995 870 3043 ad
895 2995 1180 3044 Pharaonem
1206 2997 1363 3052 venit3
1398 3012 1478 3060 per
1500 2997 1798 3062 josephum
1786 3013 1841 3044 m
1857 2993 1980 3048 sensu
1996 2994 2186 3042 interno
2210 3009 2377 3058 reprae-

388 3060 585 3106 sentatur
610 3061 842 3110 Dominus
864 3061 1016 3127 quoad
1036 3062 1218 3110 coeleste
1242 3062 1499 3128 spiritualiS,
1535 3065 1585 3111 ὅτ
1621 3079 1704 3127 per
1726 3061 2012 3112 Pharaonem
2037 3059 2382 3125 repraesentatur

386 3125 622 3174 Naturalis
655 3126 730 3174 seu
760 3141 973 3176 externus
1003 3127 1166 3186 homo,
1201 3144 1282 3193 per
1318 3128 1500 3176 foveam
1542 3128 1588 3176 in
1623 3144 1719 3203 ,qua
1759 3126 2026 3201 Josephus,
2038 3126 2395 3191 repraesentatur

381 3190 523 3242 status
545 3192 804 3245 tentationis
823 3195 1019 3246 Domini
1038 3195 1194 3262 quoad
1216 3195 1396 3246 coeleste
1420 3193 1675 3260 spirituali&
1708 3194 1759 3245 &
1775 3209 1856 3261 per
1877 3191 2169 3246 vocationem
2194 3208 2219 3240 e
2242 3191 2376 3307 {zea

2203 3273 2234 3308 a
2325 3275 2376 3323 a,-
