2566 3640
584 217 2027 309 CAPUT-QUINQUAGESIMUM.
2172 236 2307 311 509

301 359 604 412 &laetamini
629 361 676 410 in
700 360 886 424 Jehova
913 358 1024 409 Deo
1047 359 1222 407 vestro:
1268 358 1406 422 plenae
1429 358 1534 422 fient
1565 373 1681 406 areae
1699 357 1940 422 frumento,
1988 357 2038 406 δε
2071 355 2304 406 exundant

306 428 543 479 torcularIa
567 426 769 475 mustum
793 427 843 474 &
867 426 1024 474 oleum
1045 424 1078 445 '’
1132 441 1206 474 11:
1236 439 1313 488 23.
1343 440 1425 485 24,
1462 425 1546 475 filii
1583 426 1743 473 Zionis
1778 440 1863 490 pro
1898 425 2013 473 veris
2048 441 2104 472 ex
2139 426 2301 475 bono;

303 497 458 560 plenae
480 509 598 543 areae
619 493 858 542 frumento
881 509 968 558 pro
1000 492 1126 556 quod
1157 492 1395 540 abundent
1428 508 1535 541 vera
1568 494 1619 540 &
1658 492 1794 540 bona.
1864 492 2012 556 Apud
2036 489 2301 538 Hoscheam

302 571 339 593 ‘⁶
363 562 440 610 Ne
473 561 635 610 laeteris
667 561 820 618 Israel,
874 560 980 625 quia
1011 562 1225 607 scor-tatus
1259 575 1306 606 es
1333 575 1361 606 a
1394 557 1479 607 sub
1520 561 1627 608 Deo
1659 571 1759 616 tuo,
1804 558 2004 607 dilexisti
2040 558 2301 605 mercedem

306 628 614 677 meretriciam
639 627 774 691 super
794 627 986 675 omnibus
1009 629 1121 674 areis
1131 627 1349 690 frumenti
1366 648 1382 682 ;
1415 642 1520 674 area
1542 626 1594 672 &
1620 626 1810 674 torcular
1833 642 1926 674 non
1950 625 2096 690 pascet
2119 640 2212 681 e03‚
2247 626 2300 672 δε

272 713 273 717 ’
301 694 511 743 mustum
536 697 782 741 mentietur
805 693 872 740 illi
898 692 930 713 '’
958 708 1063 742 vtx:
1094 713 1133 742 1.
1153 708 1199 750 2,
1235 692 1683 757 scortari&diligere
1703 692 1959 753 mercedem
1976 692 2294 748 meretriciam,

299 777 387 826 pro
406 761 636 809 falsificare
650 776 776 818 vera,
813 761 864 808 &
886 759 1119 808 falsificata
1141 775 1292 807 amare
1313 780 1327 814 3
1362 775 1476 807 areae
1497 757 1719 808 frumenti
1752 775 1838 824 pro
1871 761 1985 807 veris
2009 759 2118 807 boni
2142 758 2296 807 falfifi-

296 829 407 877 catis
428 849 442 883 ;
496 829 621 892 Qia
642 843 740 875 area
762 827 1046 890 fignificabat
1069 827 1242 881 bonum
1265 827 1317 873 ὅτ.
1339 841 1527 890 quoque
1550 841 1734 883 verum,
1781 825 1886 874 ideo
1912 839 2020 875 tunc
2039 842 2145 874 cum
2169 825 2299 874 colli·

293 894 457 957 gerent
495 910 552 942 ex
587 910 704 952 area,
744 893 1032 951 celebrabant
1070 891 1238 941 festum
1281 890 1692 949 tabernaculorum,
1742 891 1801 940 de
1839 910 1938 958 quo
1974 893 2097 957 apud
2124 893 2297 941 Mosen

290 967 328 991 ‘¹
352 960 542 1010 Festum
573 960 964 1009 tabernaculorum
998 957 1143 1017 facies¹
1157 957 1243 1006 tibi
1281 957 1457 1023 septem
1490 958 1603 1017 dies,
1636 974 1730 1007 cum
1762 959 1971 1023 collegeris
1994 959 2045 1008 de
2066 975 2171 1008 area
2193 968 2290 1016 tua,

290 1027 346 1077 &
377 1027 437 1075 de
458 1027 677 1075 torculari
718 1039 801 1076 tuo
817 1024 851 1046 '²
890 1025 1051 1074 Deut:
1084 1041 1198 1073 xvi:
1243 1040 1326 1087 13,
1375 1023 1542 1074 festum
1580 1026 1974 1075 tabernaculorum
2014 1026 2297 1091 significabat

292 1092 501 1142 sanetum
523 1093 720 1151 cultum,
755 1093 820 1142 ita
841 1092 1027 1142 cultum'
1045 1107 1102 1140 ex
1123 1091 1248 1140 bono
1267 1093 1321 1140 &
1343 1102 1468 1148 vero',
1503 1108 1561 1140 n:
1589 1109 1615 1155 3
1624 1108 1734 1157 312.
1763 1109 1789 1156 3
1798 1110 1857 1157 39
1870 1109 1911 1142 1.

332 1161 512 1224 6538.
548 1162 675 1225 Qae
712 1160 761 1208 in
797 1159 986 1209 tranfitu
1011 1157 1243 1223 Jordanis,
1278 1157 1407 1222 quod
1438 1157 1663 1221 significet
1698 1161 1782 1224 qui
1820 1158 2083 1209 initiationis
2108 1160 2155 1207 in
2174 1174 2302 1223 ‘cog-

240 1221 249 1232 '
293 1227 492 1276 nitiones
513 1223 623 1274 boni
647 1227 699 1274 &
723 1227 838 1283 veri,
871 1225 1045 1274 constat
1066 1241 1125 1275 ex
1163 1223 1493 1290 significatione
1515 1225 1749 1289 Jordanis,
1784 1227 1910 1290 quod
1945 1227 2000 1275 fit
2024 1227 2220 1275 initiatio
2244 1228 2293 1275 in

290 1293 578 1358 cognitiones
604 1293 714 1341 boni
752 1293 805 1341 ὅτ
827 1293 945 1349 veri,-
980 1292 1042 1340 ita
1081 1293 1211 1357 quod
1251 1289 1306 1338 fit
1341 1290 1499 1356 Regni
1522 1292 1718 1340 Domini
1754 1293 1805 1341 &
1830 1292 2046 1341 Ecclefiae
2080 1294 2313 1358 primum¹
2350 1347 2353 1350 ,

291 1359 738 1426 ςυοιιάἰηιτοίωτη,
771 1360 823 1408 δε
844 1359 1066 1408 ultimum
1087 1344 1243 1423 quoad
1266 1358 1462 1415 exitum,
1500 1358 1559 1406 de
1581 1374 1672 1423 qua
1694 1374 1751 1406 n:
1779 1374 1914 1422 4255
1934 1381 1948 1416 ς
1983 1361 2112 1425 quod
2136 1361 2288 1417 fluvii,

291 1426 375 1487 ubi
417 1423 743 1476 terminabatur
787 1437 904 1487 terra
927 1425 1130 1483 Canaan,
1189 1423 1333 1474 effent
1367 1422 1724 1488 repraesentativi
1764 1426 2038 1475 ultimorum
2073 1427 2119 1474 in
2160 1428 2291 1491 Reg-

276 1509 360 1542 Δ110
398 1493 612 1552 Domini,
664 1492 876 1541 videatur
912 1508 973 1540 n:
1012 1493 1154 1553 1585.
1178 1490 1328 1551 4116.
1366 1505 1540 1552 4240;
1574 1491 1682 1538 inde
1720 1491 1805 1552 est,
1840 1494 1969 1558 quod
2009 1508 2092 1558 per
2133 1496 2290 1542 tranli-

270 1571 394 1608 =tum
432 1559 647 1622 Jordanis
690 1559 969 1621 significetur
1009 1555 1209 1605 initiatio
1241 1557 1288 1620 in
1318 1557 1604 1620 cognitiones
1644 1558 1753 1606 boni
1789 1559 1841 1608 &
1879 1560 1992 1617 veri,
2043 1576 2152 1608 nam
2175 1576 2287 1624 cog-

286 1628 488 1681 nitiones
526 1622 639 1675 boni
679 1625 732 1674 δε
777 1624 874 1673 veri
919 1622 1024 1674 sunt
1061 1622 1230 1688 prima,
1279 1637 1363 1688 per
1394 1638 1505 1688 quae
1542 1623 1693 1692 homo·
1725 1625 1931 1675 initiatur
1975 1627 2023 1674 in
2058 1626 2134 1675 illa
2173 1645 2286 1694 quae

288 1691 395 1741 sunt
419 1692 654 1742 Ecclefiae.
693 1734 696 1737 ,

356 1759 504 1823 6539.
545 1758 612 1807 Et
635 1759 909 1824 planxerunt
944 1754 1278 1825 ibiplanctum
1316 1758 1619 1822 magnum&
1639 1775 1829 1824 gravem
1856 1759 2006 1819 valde,
2041 1761 2168 1827 quod
2190 1763 2288 1826 fig-'

288 1825 444 1874 nificet
466 1826 695 1884 dolorem,
729 1826 904 1876 constat
923 1842 982 1874 ex
1004 1825 1335 1889 fignificatione
1356 1827 1566 1891 planctus
1604 1827 1733 1889 quod
1770 1826 1825 1876 fit
1850 1828 1998 1886 dolor,
2032 1828 2168 1878 dolor
2198 1830 2284 1893 qui

275 1891 361 1940 ‘hic
389 1893 670 1954 significatur
698 1893 763 1941 est
784 1893 919 1942 dolor
940 1891 1227 1950 initiationis,
1262 1891 1322 1939 de
1360 1909 1455 1957 qua
1476 1908 1589 1940 mox
1613 1894 1745 1957 supra
1783 1910 1845 1942 n:
1871 1896 2020 1959 6537,
2054 1911 2160 1945 nam
2200 1913 2282 1944 an·

283 1971 471 2023 tequam
495 1959 785 2025 cognitiones
821 1959 1006 2009 boni&
1028 1957 1143 2015 veri,
1178 1974 1286 2023 quae
1326 1957 1431 2007 sunt
1471 1958 1773 2018 initiamenta,
1809 1958 2068 2025 implantari
2094 1962 2279 2025 poffunt

281 2024 332 2072 in
357 2025 551 2084 bonum,
586 2028 638 2076 &
662 2025 720 2074 fic
750 2026 849 2075 fieri
889 2026 935 2077 in
958 2027 1136 2074 bonum
1160 2023 1396 2083 Ecclefiae,
1430 2025 1564 2073 dolor
1585 2025 1665 2084 est,
1700 2027 1811 2076 alius
1833 2029 1956 2076 enim
1981 2028 2116 2076 status
2142 2029 2278 2077 indu-

274 2091 448 2140 cendus
482 2092 549 2142 est
580 2092 788 2150 naturali,
825 2090 876 2142 ὃτ,
898 2093 1027 2141 aliter
1049 2090 1113 2139 ibi
1152 2091 1404 2140 ordinanda
1446 2091 1550 2139 sunt
1575 2087 1846 2151 scientifica,
1884 2093 1946 2142 ita
1984 2111 2094 2160 quae
2128 2096 2275 2144 homo

275 2156 405 2221 prius
433 2172 686 2217 amaverat,
720 2159 1011 2216 destruenda,
1047 2156 1217 2207 idcirco
1256 2158 1395 2206 etiam
1436 2151 1702 2209 ten'tationes
1740 2159 1945 2217 subibit;
1995 2163 2103 2212 inde
2142 2162 2276 2212 dolor

275 2226 362 2290 qui
386 2224 723 2290 repraesentatur
745 2241 829 2292 per,
849 2225 1081 2290 planctum
1106 2237 1296 2286 gravem
1319 2238 1460 2290 quem
1483 2225 1771 2289 planxerunt.
2188 2235 2191 2237 ’

348 2293 497 2354 6540.
532 2291 598 2341 Et
636 2293 744 2340 fecit
780 2291 894 2356 patri
934 2291 1016 2341 suo
1050 2290 1231 2340 luctum
1271 2291 1443 2356 septem
1478 2290 1590 2349 dies,
1626 2294 1749 2357 quod
1777 2292 1999 2358 fignificet
2019 2297 2162 2348 finem
2187 2300 2276 2350 do-v

275 2355 401 2414 loris·‚
450 2358 626 2407 constat
666 2373 725 2406 ex
759 2357 1090 2422 fignificatione
1124 2356 1293 2415 luctus,
1341 2357 1470 2423 quod
1505 2358 1562 2406 fit
1590 2359 1723 2408 dolor
1758 2374 2004 2427 antequam
2039 2363 2271 2429 cognitio-

261 2438 355 2472 ‘nes
387 2423 498 2471 boni
531 2425 583 2474 ὅτ
605 2425 703 2472 veri
743 2423 1024 2488 implantatae
1058 2420 1177 2480 sunt,
1213 2425 1271 2472 de
1293 2441 1381 2489 qua
1405 2436 1526 2473 nunc
1548 2424 1683 2489 supra
1719 2443 1779 2475 n:
1808 2428 1976 2493 6539,
2014 2431 2064 2479 &
2089 2433 2151 2480 ex'
2177 2433 2266 2497 fig-
2357 2439 2363 2451 ·

271 2490 538 2540 nificatione
560 2489 734 2554 septem
758 2490 955 2548 dierum,
988 2490 1118 2554 quod
1157 2489 1212 2538 fit
1233 2490 1412 2555 integra
1443 2491 1658 2555 periodus
1697 2509 1722 2541 a
1746 2493 1975 2557 principio
2012 2498 2068 2544 ad
2101 2501 2265 2560 finem,

257 2556 334 2604 ,de
354 2571 445 2621 qua
467 2572 525 2604 n:
551 2559 668 2620 728.
694 2572 839 2618 2044.
866 2560 1014 2622 3845.
1037 2557 1183 2619 6508,
1206 2556 1281 2605 hic
1303 2557 1458 2623 itaque
1482 2556 1601 2616 finis,
1625 2560 1734 2624 quia
1756 2562 1949 2625 pei-aitis
1971 2564 2062 2612 illis
2085 2566 2264 2627 diebus,

272 2623 520 2673 transibant
543 2623 811 2686 Jordanem.
1119 2623 1123 2629 ’

344 2690 491 2752 6541.
527 2689 594 2737 Et
617 2689 738 2738 vidit
772 2690 998 2739 habitator
1037 2702 1168 2743 terrae
1190 2694 1445 2744 Cananaeus
1479 2692 1659 2742 luituri]
1684 2708 1875 2756 gravem
1916 2694 1962 2744 in
1986 2699 2236 2750 area'Atad

273 2757 404 2833 quod
427 2755 650 2830 significet
672 2757 1074 2822 apperceptionem
1096 2760 1269 2808 doloris
1290 2776 1316 2806 a
1340 2762 1464 2810 bono
1488 2759 1721 2816 Ecclefiae‚
1756 2763 1930 2810 constat
1959 2781 2017 2812 ex
2039 2738 2263 2829 fignificat

275 2833 402 2871 tione
435 2822 611 2880 videre,
657 2823 786 2886 quod
822 2823 877 2871 fit
908 2827 1219 2888 apperceptio,
1255 2826 1311 2873 de
1337 2844 1531 2893 quaen:
1576 2844 1720 2889 2¹50·
1749 2830 1891 2892 3764.
1917 2845 2064 2894 4723.
2092 2848 2222 2895 5400
2244 2858 2260 2891 ;

275 2903 338 2936 ex
380 2888 710 2950 significatione
733 2889 1017 2947 habitatoris,
1069 2892 1198 2956 quod
1238 2893 1294 2940 fit
1337 2895 1531 2950 bonum,
1563 2894 1639 2958 ‘de
1679 2910 1771 2957 qua
1811 2913 1874 2942 n:
1919 2898 2067 2947 2268.
2111 2916 2258 2961 245¹·

278 2969 427 3016 2712.
474 2954 638 3018 36133
671 2969 730 3001 ex
766 2954 1094 3019 significatione
1134 2970 1283 3015 terrae,
1318 2960 1393 3008 hic
1427 2960 1665 3015 CanaaniS‚
1699 2961 1776 3008 ubi
1818 2962 2043 3010 habitator
2082 2966 2262 3014 Canan-

270 3021 385 3090 ae‘us,
421 3021 548 3085 quod
573 3022 626 3069 fit
651 3020 868 3079 Ecclesia,
903 3022 961 3068 de
995 3039 1085 3086 qua
1125 3041 1187 3071 n:
1215 3043 1360 3090 1413.
1394 3042 1535 3089 1437.
1584 3027 1725 3089 1607.
1760 3029 1900 3077 1866.
1936 3035 2078 3093 3038.
2108 3049 2257 3095 3431·

273 3100 402 3146 3705
425 3107 441 3141 ς
475 3103 502 3133 a
525 3087 853 3151 significatione
877 3086 1040 3145 luCtus,
1076 3090 1205 3154 quod
1229 3092 1283 3139 fit
1306 3093 1456 3148 dolor,
1490 3092 1547 3139 de
1570 3110 1662 3157 qua
1697 3109 1811 3141 mox
1851 3095 1999 3158 supra,
2024 3114 2053 3144 n
2074 3115 2084 3144 ε
2111 3100 2169 3150 ὅς
2178 3118 2258 3164 39.

275 3150 409 3225 6540
431 3171 446 3206 3
482 3154 531 3200 &
555 3170 579 3200 a
602 3153 930 3214 significatione
952 3170 1070 3204 areae
1094 3156 1240 3214 Atad‚
1275 3158 1404 3221 quod
1427 3158 1481 3206 fit
1502 3158 1640 3208 status
1676 3161 1869 3223 primus,
1905 3178 2072 3227 nempe
2107 3152 2260 3213 invitia-

263 3228 424 3276 tionss,
465 3217 639 3297 d'equa
662 3236 715 3268 n:
737 3220 886 3287 6537.
912 3221 1081 3294 65385
1119 3223 1401 3291 inde.patet,
1434 3225 1565 3292 quod
1603 3242 1683 3292 per
1719 3226 1840 3277 vidit
1870 3227 2096 3278 habitator
2129 3244 2256 3279 terrae

2011 3296 2262 3346 Cananaeus
