2606 3646
382 220 1010 322 ‚12927G‘E
1142 217 1435 291 NE
1571 214 1996 288 SJS.

385 359 634 422 percipere,
670 354 726 403 de
741 349 828 420 qu‘a
855 368 910 400 nt
944 365 1072 416 5597
1095 373 1110 407 ;
1145 352 1196 400 &
1221 367 1278 398 ex
1305 349 1628 414 significatione
1648 349 1787 415 paciS,
1825 349 1949 414 quod
1968 344 2160 398 fitfbene
2179 348 2281 406 effe,
2316 346 2378 411 de

388 448 390 451 v
429 442 487 472 ua
512 441 538 470 n
563 441 573 469 :
605 423 743 471 r6622.
1744 440 1746 442 ·

386 442 426 489 q
462 456 622 554 5678.D
646 488 708 534 Et
726 486 860 543 dixit,
898 502 953 532 an
987 501 1075 548 pax
1110 484 1226 548 patri
1260 482 1408 531 vestro
1444 483 1551 541 seni,
1587 498 1727 547 quem
1762 482 1956 541 dixistis,
1990 483 2118 547 quod
2156 484 2419 546 significet,

386 558 517 620 quod
539 556 676 602 etiarn
705 554 827 599 bono
853 551 1085 616 spirituali,
1121 551 1290 599 constat
1312 566 1368 597 ex
1392 550 1720 611 significatione
1745 551 1880 612 paciS,
1914 557 2039 612 quod
2065 551 2115 598 sit
2141 552 2251 600 bene
2275 554 2378 609 effe,

389 636 443 669 -ut
468 622 600 684 supra
625 637 676 666 n:
715 619 871 683 56773
906 620 955 665 δε
980 632 1036 664 ex
1073 617 1463 681 repraesentatione
1488 616 1672 672 Israelis,
1707 617 1787 680 qui
1813 616 1886 662 hic
1909 615 1973 663 est
1996 626 2138 679 pater,
2173 619 2299 683 quod
2323 619 2379 667 fit

392 690 570 736 bonum
596 687 840 749 spirituale,
876 685 932 731 de
957 700 1048 748 qua
1073 699 1125 730 n:
1154 684 1297 746 3654.
1324 685 1470 742 4286.
1498 686 1646 746 4598.
2136 708 2139 709 ν

463 754 527 813 56
535 770 608 817 79.
647 753 726 799 An
745 751 893 798 adhuc
918 750 952 796 is
977 751 1112 804 vivit,
1150 749 1278 813 quod
1304 750 1526 813 significet
1550 748 1677 814 quod
1701 748 1742 795 ei
1766 748 1861 796 vita
1883 748 2058 797 constat
2078 763 2136 797 ex
2157 751 2378 814 fignifica-

393 821 520 868 tione
547 820 717 873 vivere,
753 818 881 882 quod
906 817 960 863 fit
986 818 1079 863 vita
1103 817 1359 880 spiritualiS,
1395 816 1451 863 de
1474 831 1565 878 qua
1585 834 1613 863 n
1635 834 1645 862 :
1666 830 1812 877 5407.
2178 824 2182 828 ’

465 886 612 947 5680.
650 885 714 931 Et
735 885 970 940 dixerunt,
1008 898 1098 946 pax
1124 882 1251 929 servo
1269 893 1353 930 tuo,
1367 884 1481 945 patri
1501 883 1668 938 nostro,
1705 882 1833 946 quod
1858 882 2080 946 significet
2098 881 2202 931 inde
2219 899 2382 948 apper-

391 954 652 1015 ceptionem
676 951 887 998 naturalis
905 951 1030 1013 quod
1055 950 1168 996 bene
1191 950 1244 996 [it
1264 949 1386 996 bono
1403 965 1427 996 a
1447 965 1561 1013 quo,
1598 949 1768 996 constat
1785 949 2193 1009 exfignificatione
2216 950 2382 1008 dicere,

392 1020 523 1083 quod
548 1017 602 1064 s1t
619 1017 861 1080 percipere,
897 1017 955 1062 de
971 1032 1064 1080 qua
1084 1032 1142 1062 n:
1169 1018 1315 1077 1808.Δ
1345 1032 1487 1079 1919.·
1517 1018 1662 1062 2080.
1687 1016 1834 1077 2519,
1862 1017 2005 1063 2862.
2043 1031 2186 1079 3509.
2219 1033 2345 1080 3395
2366 1037 2384 1072 ;

382 1101 453 1132 —ex
476 1083 798 1147 significatione
817 1083 954 1146 pacis,
971 1082 1094 1145 quod
1110 1082 1163 1129 sit
1180 1082 1293 1128 bene
1312 1081 1416 1138 effe,
1453 1081 1510 1129 de
1525 1097 1617 1144 qua
1636 1098 1664 1128 n
1684 1098 1695 1127 :
1719 1081 1863 1142 5662.
1886 1082 2010 1145 5677
2033 1103 2048 1136 ·,
2071 1082 2120 1128 &
2138 1098 2195 1129 ex
2218 1098 2384 1146 reprae-

389 1152 638 1199 sentatione
673 1149 859 1204 IsraeIiS,
897 1148 1023 1212 quod
1055 1147 1110 1194 fit
1138 1148 1315 1195 bonum
1347 1146 1591 1210 spirituale,
1629 1147 1688 1194 de
1713 1162 1816 1210 qua
1854 1162 1964 1199 mox
1983 1147 2110 1210 supra
2133 1164 2194 1195 nz
2233 1150 2384 1212 5678,

390 1217 523 1282 -quod
547 1217 721 1264 bonurn
740 1228 865 1279 pater
887 1213 1069 1270 dicitur,
1102 1215 1211 1277 quia
1233 1214 1289 1261 ab
1314 1212 1392 1260 illo
1415 1225 1467 1261 ut
1487 1230 1511 1260 a
1534 1225 1660 1276 patre
1683 1211 1789 1260 sunt
1812 1228 1916 1260 vera
1939 1214 1988 1260 &
2014 1214 2133 1260 bona
2167 1214 2214 1262 in
2247 1229 2382 1266 natu-

395 1283 493 1340 rali,
518 1298 623 1345 quae
645 1281 1019 1346 repraesentantur
1038 1295 1117 1345 per
1130 1281 1288 1328 decem
1303 1279 1422 1328 filios
1438 1278 1532 1344 ejus
1545 1300 1562 1334 ·,
1581 1281 1631 1328 &
1649 1281 1756 1343 quia
1779 1295 1882 1326 vera
1899 1280 1947 1327 &
1970 1279 2090 1326 bona
2126 1281 2172 1326 in
2196 1282 2384 1331 naturali

395 1365 480 1414 per
522 1350 623 1396 illos
669 1350 1060 1411 repraesentantur,
1113 1362 1194 1411 per
1223 1346 1405 1398 eosdem
1446 1349 1584 1394 etiam
1614 1346 1815 1393 naturale
1855 1345 2144 1407 fignificatur,
2181 1347 2381 1399 naturale

390 1416 524 1463 enim
549 1414 611 1461 est
629 1415 878 1470 continens,
916 1416 966 1462 &
999 1429 1104 1460 vera
1138 1429 1189 1461 ac
1222 1414 1342 1461 bona
1375 1412 1441 1459 ibi
1472 1413 1574 1461 sunt
1604 1424 1832 1472 contenta,
1867 1428 1974 1476 quae
2006 1429 2155 1460 unum
2185 1411 2384 1474 faciunt;

396 1483 505 1545 inde
538 1493 678 1546 patet,
713 1481 839 1545 quod
876 1495 955 1542 per
989 1476 1218 1536 dixerunt,
1254 1495 1347 1545 pax
1370 1479 1499 1526 servo
1523 1492 1606 1526 tuo
1631 1479 1745 1541 patri
1773 1478 1943 1534 nostro,
1962 1479 2384 1541 ,significeturinde
2436 1538 2453 1542 -

394 1549 695 1613 apperceptio
709 1545 919 1594 naturalis
935 1546 1061 1609 quod
1082 1546 1194 1593 bene
1208 1546 1263 1593 sit
1278 1548 1401 1593 bono
1418 1562 1443 1591 a
1460 1562 1574 1608 quo:
1599 1545 1695 1593 inde
1711 1542 2002 1608 apperceptio
2017 1545 2199 1604 dicitur,
2219 1562 2389 1611 nempe

398 1617 459 1665 ab
476 1618 669 1670 interno,
704 1613 830 1676 quod
849 1628 927 1677 per
944 1613 1201 1676 Josephum
1218 1611 1573 1676 repraesentatur,
1609 1630 1637 1660 n
1660 1614 1669 1658 ε’
1689 1613 1835 1672 5648,
1859 1610 1967 1674 quia
1983 1611 2134 1659 omnis
2153 1618 2388 1678 perceptio

399 1681 613 1732 naturalis
632 1681 757 1727 venit
776 1695 802 1726 a
825 1678 1059 1743 spirituali,
1096 1680 1146 1727 δε
1163 1679 1269 1743 quia
1291 1695 1316 1725 a
1340 1677 1574 1742 spirituali,
1610 1678 1738 1726 venit
1765 1678 1822 1724 ab
1847 1676 2044 1734 intern0‚
2077 1678 2169 1726 hoc
2191 1679 2274 1735 est,
2306 1697 2387 1744 per

399 1749 635 1798 internum
658 1762 683 1792 a
707 1747 951 1799 Domino·,
986 1745 1206 1809 nusquam
1239 1746 1393 1810 aliqua
1424 1744 1676 1808 perceptio,
1699 1759 1768 1804 ,ne
1801 1744 1992 1808 quidem
2027 1744 2181 1808 aliqua
2214 1748 2388 1810 cogita-

401 1815 541 1863 tionis
564 1815 613 1861 ὅτ
631 1812 885 1860 affeffionis
907 1813 1002 1859 vita
1027 1811 1089 1859 est
1115 1811 1323 1868 naturali,
1360 1811 1439 1860 nifi
1465 1828 1574 1875 quae
1596 1810 1723 1859 venit
1745 1827 1770 1858 a
1793 1810 2031 1874 spirituali,
2070 1812 2172 1858 sunt
2192 1812 2316 1862 enim
2342 1815 2392 1862 in
2456 1838 2460 1842 ·

404 1880 593 1930 naturali
618 1895 676 1927 ex
701 1880 742 1926 se
765 1878 922 1927 omnia
938 1887 1142 1936 mortua,
1177 1890 1223 1926 at
1241 1878 1534 1926 vivificantur
1550 1893 1632 1941 per
1656 1877 1883 1924 influxum
1901 1892 1926 1923 e
1951 1875 2171 1941 spirituali
2188 1880 2386 1938 mundo,

402 1949 492 1997 hoc
516 1947 597 2004 est,
623 1962 701 2010 per
721 1941 997 2008 spiritualem
1018 1945 1247 1993 mundum
1271 1945 1533 2002 aDomino,
1557 1945 1602 1990 in
1622 1942 1844 2008 spirituali
1864 1942 2043 1990 'mundo
2058 1943 2223 2005 vivunt
2235 1944 2393 2002 omnia

399 2032 463 2063 ex
481 2015 581 2061 luce
603 2028 712 2077 quae
734 2029 760 2060 a
784 2012 1013 2070 Domino,
1048 2028 1155 2073 nam
1174 2011 1220 2059 in
1243 2011 1342 2059 luce
1365 2011 1440 2059 illa
1458 2011 1522 2058 est
1538 2011 1755 2074 sapientia
1789 2010 1839 2057 δε
1858 2007 2171 2072 intelligentia.
2243 2013 2390 2078 Qod

405 2082 484 2130 hic
501 2079 779 2142 significetur
801 2077 894 2128 inde
916 2075 1228 2143 apperceptio,
1263 2078 1412 2127 seu-ab
1436 2077 1632 2134 interno,
1668 2078 1715 2125 in
1739 2076 1929 2124 naturali
1947 2075 2087 2125 etiam
2111 2078 2311 2141 sequitur
2333 2082 2395 2130 ab

406 2147 498 2196 illis
520 2162 627 2210 quae
649 2145 915 2210 praecedunt
940 2163 992 2194 n:
1020 2146 1166 2212 5677.
1928 2136 1942 2147 “
2084 2142 2089 2149 ’

478 2214 623 2275 5681.
660 2212 832 2259 Adhuc
850 2213 886 2259 is
909 2213 1045 2267 vivit,
1079 2211 1205 2274 quod
1223 2211 1446 2276 significet
1469 2211 1519 2277 ὅτ
1542 2211 1669 2276 quod
1688 2211 1731 2259 ei
1752 2210 1863 2268 vita,
1899 2207 2070 2259 constat
2092 2210 2151 2258 ab
2173 2209 2261 2262 illis
2285 2229 2394 2279 quae

408 2296 522 2330 mox
547 2279 679 2342 supra
704 2294 763 2324 n:
803 2277 950 2340 5976,
977 2279 1112 2325 “allata
1136 2277 1235 2325 sunt
1256 2299 1269 2332 ς
1305 2278 1591 2326 conferantur
1608 2293 1714 2341 quae
1737 2294 1794 2324 n:
1822 2291 1968 2339 5407.
2359 2325 2364 2331 ,
2404 2286 2407 2291 ’

479 2345 624 2410 5682.
662 2343 727 2391 Et
746 2342 1027 2392 deflexerunt
1050 2344 1109 2400 se,
1145 2343 1506 2392 &incurvarunt
1529 2344 1590 2401 se,
1626 2342 1751 2408 quod
1778 2339 2393 2407 fignificet'humiliationem

405 2413 685 2462 exteriorem
709 2411 759 2458 &
783 2408 1062 2468 interiorem,
1099 2409 1272 2459 constat
1293 2427 1350 2459 ex
1372 2411 1701 2473 significatione
1723 2401 1961 2459 deflee‘tere
1985 2408 2047 2466 se,
2082 2412 2209 2474 quod
2231 2413 2286 2461 fit
2308 2415 2399 2463 hu-

409 2478 606 2529 miliatio
630 2476 827 2524 exterior
844 2477 894 2524 &
910 2491 965 2524 ex
982 2475 1309 2541 significatione
1332 2479 1565 2525 incurvare
1589 2477 1648 2534 se,
1684 2476 1811 2541 quod
1826 2476 1879 2524 fit
1893 2476 2152 2527 humiliatio
2170 2480 2356 2529 interior
2372 2502 2392 2539 ;

408 2547 478 2594 est
501 2544 624 2592 enim
648 2541 844 2590 deflexio
863 2542 1016 2590 minor
1038 2543 1206 2605 gradus
1225 2543 1566 2602 incurvationis,
1601 2556 1878 2607 quapropter
1892 2542 2031 2590 etiam
2056 2542 2119 2589 est
2136 2544 2397 2608 humiliatio

417 2611 646 2663 exterior·,
682 2610 732 2657 δε
758 2609 1010 2671 incurvatio
1032 2609 1095 2656 est
1120 2608 1262 2672 major
1282 2610 1466 2674 gradus,
1498 2612 1771 2674 quapropter
1803 2607 1866 2656 est
1890 2609 2154 2658 humiliatio
2178 2612 2364 2662 interior
2379 2631 2394 2662 ε

416 2691 632 2744 praeterea
645 2674 838 2722 deflexio
855 2673 918 2722 est
937 2674 1198 2724 humiliatio
1222 2674 1336 2733 veri,
1371 2676 1459 2724 hoc
1481 2677 1562 2738 est,
1587 2676 1771 2724 illorum
1794 2677 1873 2740 qui
1898 2675 1946 2723 in
1963 2691 2073 2723 vero
2089 2675 2208 2735 sunt,
2226 2679 2286 2726 ita
2305 2680 2394 2744 spi-

419 2745 672 2796 ritualium,
695 2739 1012 2788 &incurvatio
1029 2741 1092 2788 est
1110 2741 1367 2793 humiliatio
1390 2743 1515 2801 boni,
1541 2743 1626 2790 hoc
1644 2742 1724 2800 est,
1761 2742 1944 2792 illorum
1963 2741 2106 2806 quiin
2126 2743 2248 2792 bono
2272 2745 2396 2806 sunt,

417 2813 482 2860 ita
499 2808 778 2863 coelestium,
804 2806 864 2853 fic
887 2822 1073 2871 quoque
1096 2807 1293 2856 deflexio
1317 2808 1379 2856 est
1395 2809 1655 2856 humiliatio
1670 2808 1881 2866 exterior,
1902 2808 2220 2862 &incurvatio
2241 2812 2397 2863 humi-

424 2879 550 2926 liatio
575 2873 780 2929 interior,
815 2872 894 2935 qui
918 2875 1043 2921 enim
1069 2872 1112 2920 in
1138 2874 1261 2922 bono
1279 2875 1396 2932 sunt,
1423 2876 1656 2924 interiores
1681 2876 1889 2923 homines
1910 2873 2027 2929 sunt,
2059 2889 2200 2937 quam
2226 2879 2289 2926 illi
2314 2881 2396 2944 qui

423 2947 471 2993 in
494 2957 615 2988 vero.
687 2940 810 2986 Haec
828 2940 997 3002 quae-in
1026 2938 1109 2986 hac
1131 2942 1326 3002 periodo
1344 2941 1390 2988 in
1410 2941 1535 2989 sensu
1559 2942 1734 2990 interno
1755 2942 2057 2995 continentur,
2096 2940 2307 3007 pleraque
2322 2963 2400 2994 ex-

421 3010 588 3074 plicata
611 3006 713 3060 sunt
734 3004 889 3069 quoad
913 3003 1023 3052 solas
1040 3006 1392 3068 significationes
1425 3023 1616 3066 vocum,
1651 3023 1706 3056 ex
1729 3006 1857 3056 causa
1880 3005 1987 3070 quia
2010 3005 2108 3054 sunt
2131 3007 2265 3069 talia,
2287 3029 2397 3077 quae

421 3075 547 3144 prius
571 3073 790 3135 explicata
814 3069 926 3118 sunt.
1432 3068 1441 3115 f
1498 3096 1503 3101 ·
1639 3115 1643 3120 ,
1858 3113 1864 3118 ,

495 3141 636 3201 5683.
674 3137 820 3184 Vers:
846 3152 923 3199 29.
953 3153 1028 3200 30.
1059 3153 1138 3199 3¹·
1165 3155 1242 3201 32.
1272 3155 1348 3203 33.
1377 3155 1454 3202 34.
1524 3139 1764 3202 Etsustulit
1786 3139 2043 3210 oculossuos,
2078 3144 2133 3194 δέ
2155 3142 2268 3192 vidit
2288 3145 2400 3205 Ben-

418 3210 616 3261 iaminem
621 3206 815 3268 fratrem
825 3210 975 3263 suum,
1001 3202 1144 3264 filium
1168 3210 1324 3257 matris
1333 3208 1446 3271 star,
1475 3205 1530 3256 Β
1547 3205 1672 3264 dixit,
1696 3206 1841 3257 cin-hic
1851 3207 2006 3272 frater
2030 3211 2164 3275 vester
2185 3212 2397 3268 minimus,

2255 3324 2261 3327 a
2281 3294 2400 3343 quem
