2606 3646
290 224 595 302 CAPUT
654 181 1498 309 QUADRAGESIMUM
1542 221 2048 310 QUARTUM.
2069 231 2216 312 -227

235 363 415 412 tionem
432 376 489 409 ex
505 360 627 408 bono
647 355 864 422 spirituali
884 373 896 406 ε
922 370 1005 404 vos
1027 354 1165 404 nostis
1187 355 1315 420 quod
1338 355 1470 403 binos
1488 353 1708 418 pepererit
1725 353 1840 402 mihi
1854 369 1966 401 uxor
1991 372 2105 413 mea,
2131 358 2215 419 fig-

245 427 451 478 nificat›fi
477 427 648 473 bonum
674 421 900 487 spirituale
923 422 977 470 fit
1001 421 1127 487 quod
1151 421 1363 469 Ecclesiae
1384 421 1508 485 quod
1535 419 1767 468 internum
1791 421 1965 468 bonum
1989 424 2038 472 δε
2061 439 2219 473 verum

242 496 355 544 erit:
391 494 442 540 &
465 490 610 539 exivit
633 504 746 538 unus
766 502 792 536 a
816 503 907 544 me,
944 487 1163 549 fignificat
1182 484 1476 534 decessionem
1501 498 1793 549 apparentem
1813 485 1975 534 interni
1996 488 2103 535 boni
2126 507 2136 536 :
2171 493 2223 540 δε

238 559 358 615 dixi,
391 569 691 605 veruntamen
714 553 1008 618 discerpendo
1030 553 1278 616 discerptus
1309 552 1389 609 est,
1424 551 1645 614 fignificat
1668 554 2063 616 apperceptionem
2095 557 2227 619 quod

241 640 270 672 a
286 622 417 673 malis
434 624 484 671 &
501 622 621 670 fallis
645 620 852 684 perierit:
886 621 937 669 δε
956 634 1048 666 non
1067 619 1165 666 vidi
1182 618 1314 666 illum
1339 619 1429 666 huc
1447 617 1605 682 usque,
1641 616 1862 680 fignificat
1880 620 1986 682 quia
2005 622 2219 669 evanuit:

241 692 294 739 δε
316 688 493 738 sumitis
515 687 651 735 etiam
678 686 799 733 hunc
820 703 847 733 a
868 701 976 733 cum
1002 682 1198 732 faciebus
1222 683 1351 742 meis»,
1388 683 1613 746 fignificat
1636 682 1664 728 si
1690 683 1825 731 etiam
1849 700 2009 732 verum
2045 702 2221 735 novum
2248 683 2251 687 ⁴

241 755 470 805 discedat:
506 755 556 801 &
587 752 761 801 accidat
796 751 860 798 illi
899 751 1143 807 damnum,
1185 749 1406 812 fignificat
1428 765 1450 796 a
1476 749 1604 797 malis
1627 749 1676 796 &
1702 749 1844 796 falsis:
1882 750 2231 800 &descendere

239 822 411 872 facietis
432 819 646 867 canitiem
671 833 819 865 meam
845 817 889 864 in
911 817 1031 864 malo
1065 814 1369 878 sepulchrum,
1393 813 1614 878 fignificat
1630 815 1755 878 quod
1777 814 2028 877 periturum
2046 820 2221 866 bonum

242 885 470 954 spirituale
487 886 538 934 &
560 886 619 933 fic
642 883 868 930 internum
893 881 1127 938 Ecclefiae,
1163 882 1213 929 &
1235 897 1372 938 nunc,
1410 881 1517 928 ficut
1539 895 1706 930 venero
1722 881 1779 927 ad
1800 878 1976 928 servum
1996 897 2132 933 tuum
2148 901 2224 948 pa·

241 968 360 1001 trem
381 966 553 1006 meum,
588 949 810 1012 fignificat
827 949 998 995 bonum
1018 946 1232 994 Ecclesiae
1253 945 1603 1009 correspondens
1619 947 1742 993 bono
1759 944 1975 1009 spirituali
1992 949 2117 1010 quod
2137 950 2224 998 Ες.

239 1019 386 1068 clefiae
408 1018 629 1065 internae:
664 1015 716 1063 &
741 1028 853 1079 puer
876 1012 1059 1061 nonille
1082 1027 1188 1060 cum
1213 1012 1360 1068 nobis,
1395 1012 1620 1074 significat
1654 1011 1686 1059 fi
1719 1027 1880 1058 verum
1918 1028 2093 1061 novum
2129 1032 2224 1064 non

237 1101 331 1134 una
348 1119 363 1141 ,
397 1085 448 1132 ὅτ.
464 1082 616 1129 anima
642 1080 739 1144 ejus
762 1079 914 1127 vineta
939 1079 984 1126 in
1010 1079 1162 1127 anima
1184 1076 1297 1142 ejuS,
1334 1077 1557 1140 fignificat
1578 1092 1683 1125 cum
1701 1078 1821 1125 arcta
1843 1076 2106 1140 conjunCtio
2126 1099 2136 1128 :
2173 1084 2223 1130 δι’

234 1151 330 1199 erit
351 1150 463 1198 ficut
484 1147 636 1195 videre
658 1161 782 1202 eum,
816 1144 943 1209 quod
979 1159 1068 1192 non
1102 1159 1234 1209 puer,
1267 1145 1319 1192 δε
1354 1145 1591 1201 morietur,
1634 1142 1857 1205 fignificat
1885 1145 2012 1208 quod
2048 1148 2224 1195 bonum

241 1215 471 1282 spirituale
493 1213 781 1278 periturum:
817 1213 868 1259 &
890 1208 1152 1258 descendere
1176 1208 1342 1257 facient
1363 1208 1476 1257 servi
1502 1209 1568 1257 tui
1591 1207 1803 1257 canitiem
1839 1208 1955 1258 servi
1990 1213 2058 1260 tui
2089 1215 2228 1277 patris

238 1281 378 1331 nostri
402 1282 449 1329 in
471 1294 664 1327 maerore
683 1277 991 1344 sepulchrum,
1028 1275 1251 1340 fignificat
1277 1275 1407 1340 quod
1429 1275 1581 1323 aftum
1604 1275 1690 1322 erit
1712 1290 1819 1322 cum
1844 1274 2056 1324 Ecclefia.

306 1363 370 1412 57
377 1363 454 1410 94.
489 1344 551 1392 Et
572 1345 744 1392 accessit
767 1343 822 1390 ad
844 1358 950 1391 eum
975 1342 1206 1402 Jehudah‚
1241 1341 1370 1406 quod
1390 1342 1615 1403 significet
1636 1342 2102 1391 communicationem
2129 1344 2227 1394 Ex-

242 1416 357 1465 terni
380 1410 579 1461 hominis
599 1424 704 1457 cum
730 1408 916 1457 Interno
939 1423 1019 1472 per
1041 1408 1238 1466 bonum,
1272 1407 1444 1456 constat
1466 1423 1490 1453 a
1518 1406 1844 1469 significatione
1857 1408 2062 1455 accedere
2082 1412 2138 1458 ad
2156 1411 2227 1460 lo·

240 1479 479 1547 quendum
498 1491 602 1523 cum
620 1475 794 1538 aliqu0,
820 1473 949 1538 quod
968 1473 1022 1520 sit
1039 1475 1398 1521 communicatio
1414 1497 1428 1529 3
1465 1475 1515 1521 ὅτ.
1532 1489 1590 1533 ex
1606 1471 1995 1536 repraesentatione
2007 1475 2226 1538 Jehudae,

238 1546 365 1612 quod
390 1544 445 1591 sit
465 1545 642 1590 bonum
666 1539 880 1588 Ecclesiae
903 1539 947 1585 in
973 1539 1180 1596 naturali,
1214 1538 1273 1586 de
1295 1555 1388 1603 qua
1412 1555 1470 1587 n:
1496 1542 1623 1601 5782
1646 1559 1661 1592 ·,
1711 1537 1836 1602 quod
1864 1537 2229 1592 communicatio

241 1613 296 1661 fit
330 1607 520 1658 Externi
557 1601 757 1654 hominis
787 1620 895 1653 cum
933 1604 1133 1661 interm,
1168 1603 1231 1651 est
1255 1606 1363 1670 quia
1386 1603 1605 1667 jehudah
1630 1603 1920 1667 repraesentat
1941 1606 2115 1656 bonum
2138 1609 2230 1658 Ec-

240 1677 387 1727 clefiae
410 1674 454 1722 in
477 1672 664 1722 naturali
690 1671 763 1719 seu
786 1671 993 1720 Externo
1016 1669 1222 1726 homine,
1256 1672 1308 1719 δε
1331 1671 1556 1734 Josephus
1581 1671 1754 1718 bonum
1779 1670 1823 1717 in
1849 1670 2060 1721 Intern0:
2095 1676 2227 1739 quod

241 1760 324 1810 per
347 1743 538 1796 bonum,
572 1738 634 1787 est
653 1738 759 1802 quia
779 1753 869 1785 non
890 1735 969 1800 nili
987 1752 1128 1800 quam
1149 1752 1228 1799 per
1247 1737 1423 1786 bonum
1447 1737 1580 1786 datur
1609 1735 1986 1795 communicatio,
2021 1755 2114 1788 non
2146 1731 2246 1791 au·-

242 1824 340 1859 tem
365 1823 444 1873 per
468 1819 644 1860 verum,
679 1803 760 1851 nisi
786 1803 830 1852 in
853 1817 960 1849 vero
984 1801 1036 1849 sit
1069 1803 1261 1850 bonum.

309 1889 456 1940 5795.
492 1870 558 1918 Et
580 1867 716 1927 diitit,
750 1869 878 1933 quod
902 1868 1122 1931 fignificet
1145 1867 1514 1932 perceptionem,
1533 1865 1708 1916 constat
1741 1883 1769 1916 a
1795 1867 2121 1931 significatione
2157 1860 2251 1923 di?

244 1956 362 1998 cere,
396 1937 522 2004 quod
545 1936 599 1985 fit
624 1935 870 1999 perceptio,
905 1936 962 1982 de
984 1949 1076 1997 qua
1100 1935 1275 1997 saepiuS.

310 2006 455 2071 5796.
493 2002 581 2049 Per
603 2017 694 2058 me,
729 2000 915 2048 domine
940 2001 1024 2058 mi,
1059 2000 1186 2065 quod
1206 1998 1432 2063 significet
1454 1998 1854 2065 supplicationem,
1889 2013 2015 2067 patet
2046 2005 2105 2055 ab
2139 2008 2229 2058 illis

241 2089 352 2139 quae
375 2072 637 2135 sequuntur.

315 2152 461 2201 5797.
497 2135 740 2198 Loquatur
762 2131 921 2197 quaeso
943 2131 1095 2180 servus
1123 2143 1226 2180 tuus
1250 2131 1444 2181 verbum
1467 2131 1513 2179 in
1536 2130 1715 2181 auribus
1746 2137 1926 2185 domini
1951 2138 2062 2194 mei,
2096 2141 2224 2203 quod

243 2204 467 2269 significet
488 2201 546 2248 de
569 2200 826 2263 receptione
849 2201 899 2248 δε
923 2198 1175 2256 auditione,
1211 2214 1380 2262 nempe
1421 2198 1710 2262 supplicatio,
1743 2203 1915 2251 constat
1952 2219 2010 2251 ex
2052 2203 2226 2266 fignifi-

244 2273 419 2319 catione
444 2262 571 2332 loqui
597 2268 804 2321 verbum,
838 2264 964 2329 quod
989 2263 1041 2312 sit
1063 2264 1282 2321 influxuS,
1316 2265 1373 2312 de
1394 2279 1486 2327 qua
1510 2281 1564 2312 nt
1591 2281 1737 2329 2951.
1763 2272 1912 2328 5481,
1948 2269 1994 2315 &
2020 2272 2128 2333 quia
2152 2271 2222 2318 in-

246 2339 414 2390 fluxuS,
438 2333 502 2382 est
518 2350 544 2381 a
563 2344 688 2395 parte
706 2330 885 2378 alterius
903 2330 1119 2394 receptio,
1138 2347 1190 2377 n:
1217 2346 1375 2394 57433
1398 2331 1446 2378 δι
1461 2346 1519 2378 ex
1534 2330 1864 2393 significatione
1882 2333 2078 2392 aurium,
2095 2339 2221 2399 quod

242 2398 580 2452 sitobedientia,
609 2397 667 2445 de
684 2412 772 2461 qua
791 2413 845 2443 n:
871 2412 1018 2459 4551.
1043 2397 1191 2460 4653,
1217 2397 1291 2444 hic
1316 2396 1509 2460 benigna
1532 2397 1797 2447 auscultatio
1814 2400 1890 2448 seu
1905 2400 2095 2457 auditi0,
2116 2403 2223 2466 quia

244 2467 430 2516 inferior
450 2463 651 2528 loquitur
679 2465 735 2511 ad
753 2462 1035 2526 ‘superiorem
1061 2463 1102 2509 se
1120 2484 1139 2515 ·,
1171 2463 1276 2509 inde
1300 2475 1441 2527 patet,
1476 2463 1601 2528 quod
1625 2480 1705 2528 per
1727 2464 1938 2530 loquatur
1959 2468 2118 2530 quaeso
2137 2470 2222 2516 ser-

244 2551 331 2582 vus
352 2545 454 2580 tuus
476 2531 670 2577 verbum
695 2528 741 2576 in
758 2529 939 2578 auribus
965 2528 1160 2579 Domini
1187 2528 1298 2586 mei,
1326 2525 1611 2592 -fignificetur
1633 2529 1902 2594 supplicatio
1924 2531 1980 2580 de
2006 2536 2221 2598 receptio-

240 2617 301 2651 ne
321 2601 370 2649 δε
394 2597 645 2658 auditione.

279 2675 285 2684 ·
312 2667 457 2728 5798.
495 2661 561 2709 Et
578 2671 670 2708 n'on
687 2660 949 2708 accendatur
965 2660 1028 2708 ira
1041 2673 1118 2708 tua
1136 2658 1180 2705 in
1199 2659 1378 2707 servum
1397 2671 1549 2714 tuum,
1585 2660 1710 2724 quod
1729 2662 1953 2724 significet
1972 2679 2026 2711 ne
2044 2678 2220 2717 avertat

244 2732 305 2790 se,
340 2729 513 2778 constat
533 2743 560 2774 a
583 2725 909 2787 significatione
934 2728 1032 2783 irae,
1071 2725 1192 2790 quod
1219 2725 1273 2772 fit
1295 2726 1483 2782 averno,
1518 2725 1576 2772 de
1600 2742 1689 2790 qua
1713 2745 1739 2774 n
1762 2745 1772 2774 :
1799 2744 1890 2793 503
1906 2748 1945 2787 4,
1981 2731 2061 2794 qui
2089 2733 2215 2781 enim

243 2796 457 2850 irascitur,
483 2795 520 2840 is
536 2792 578 2839 se
594 2792 772 2848 avertit,
797 2807 904 2840 nam
921 2808 1010 2840 non
1030 2793 1200 2853 cogitat
1218 2790 1326 2839 sicut
1343 2791 1471 2845 alter,
1506 2790 1578 2838 sed
1601 2791 1643 2838 in
1664 2792 1745 2839 illo
1760 2794 1874 2841 statu
1888 2807 2041 2842 contra
2057 2796 2184 2843 illurn
2202 2817 2214 2845 :

236 2863 369 2927 equod
386 2862 446 2909 ira
465 2859 517 2906 sit
533 2857 719 2913 aversio,
756 2869 880 2918 patet
901 2858 1144 2920 apluribus
1163 2858 1272 2904 locis
1295 2859 1342 2905 in
1366 2858 1542 2913 Verbo,
1579 2857 1804 2921 imprimis
1827 2862 1883 2906 ab
1905 2860 2006 2916 illis,
2041 2862 2118 2908 ubi
2138 2863 2215 2910 tri-

241 2928 394 2991 buitur
419 2925 615 2990 Jehovae
649 2923 723 2970 seu
741 2923 949 2971 Domino
967 2922 1098 2985 ira&
1116 2922 1495 2980 excandescentia,
1529 2937 1609 2986 per
1629 2939 1768 2986 quam
1795 2925 2066 2985 significatur
2087 2936 2221 2975 aver-⁸

238 2994 325 3054 -fio,
359 3008 448 3040 non
474 2990 599 3055 quod
629 2989 837 3050 Jehovah
863 2988 936 3036 seu
959 2989 1191 3036 Dominus
1212 2987 1252 3034 se
1269 2987 1461 3053 usquam
1485 3001 1674 3043 avertat,
1708 2989 1779 3036 sed
1805 2991 1930 3054 quod
1966 2992 2127 3048 homo,
2161 2995 2213 3044 δε

244 3074 354 3120 cum
372 3057 514 3104 homo
535 3056 578 3103 se
598 3055 777 3110 avertit,
812 3067 998 3118 apparet
1011 3053 1052 3101 ei
1070 3054 1181 3101 sicut
1205 3054 1451 3110 Dominus,
1487 3069 1590 3102 narn
1611 3071 1699 3102 non
1719 3056 1931 3110 auditum
1968 3058 2214 3108 secundum

246 3123 553 3186 apparentiam
578 3121 638 3169 ita
661 3120 863 3186 loquitur
884 3120 1107 3168 Verbum.
1178 3119 1240 3166 Et
1262 3121 1369 3183 quia
1394 3122 1456 3168 ira
1477 3119 1543 3166 est
1563 3121 1751 3178 averfi0,
1785 3120 1849 3168 est
1871 3122 2010 3170 etiam
2033 3138 2215 3187 oppug-

240 3189 399 3241 nantia
414 3200 567 3238 contra
581 3187 758 3238 bonum
773 3187 825 3237 ὅτ
841 3201 1002 3237 verum
1016 3202 1040 3234 a
1061 3185 1383 3301 partijlflomm
1401 3186 1482 3253 qui
1502 3186 1544 3236 se
1561 3199 1829 3247 averterunt,¹
1873 3203 1897 3236 a
1917 3201 2042 3254 parte
2062 3202 2217 3239 autem

289 3271 292 3273 ·
798 3285 801 3289 -
1282 3266 1308 3300 a
2039 3255 2224 3306 illorum
