<?xml version="1.0" encoding="UTF-8"?>
<!DOCTYPE html PUBLIC "-//W3C//DTD XHTML 1.0 Transitional//EN"
    "http://www.w3.org/TR/xhtml1/DTD/xhtml1-transitional.dtd">
<html xmlns="http://www.w3.org/1999/xhtml" xml:lang="en" lang="en">
 <head>
  <title>
</title>
<meta http-equiv="Content-Type" content="text/html;charset=utf-8" />
  <meta name='ocr-system' content='tesseract 3.04.00' />
  <meta name='ocr-capabilities' content='ocr_page ocr_carea ocr_par ocr_line ocrx_word'/>
</head>
<body>
  <div class='ocr_page' id='page_1' title='image "arcanacaelestiaq05sweduoft_0488.png"; bbox 0 0 2566 3640; ppageno 0'>
   <div class='ocr_carea' id='block_1_1' title="bbox 291 183 1893 283">
    <p class='ocr_par' dir='ltr' id='par_1_1' title="bbox 291 183 1893 283">
     <span class='ocr_line' id='line_1_1' title="bbox 291 183 1893 283; baseline -0.002 -19"><span class='ocrx_word' id='word_1_1' title='bbox 291 197 438 283; x_wconf 80' lang='lat'>484</span> <span class='ocrx_word' id='word_1_2' title='bbox 648 183 1893 261; x_wconf 66' lang='lat' dir='ltr'><em>GENESIS.</em></span> 
     </span>
    </p>
   </div>
   <div class='ocr_carea' id='block_1_2' title="bbox 295 310 2373 3265">
    <p class='ocr_par' dir='ltr' id='par_1_2' title="bbox 295 310 2323 1235">
     <span class='ocr_line' id='line_1_2' title="bbox 295 310 2270 380; baseline -0.001 -15"><span class='ocrx_word' id='word_1_3' title='bbox 295 319 449 375; x_wconf 75' lang='grc' dir='ltr'>τιιναίὶ,</span> <span class='ocrx_word' id='word_1_4' title='bbox 501 317 550 366; x_wconf 85' lang='grc' dir='ltr'>ὅτ</span> <span class='ocrx_word' id='word_1_5' title='bbox 596 332 674 380; x_wconf 90' lang='lat' dir='ltr'>per</span> <span class='ocrx_word' id='word_1_6' title='bbox 713 316 938 376; x_wconf 89' lang='lat' dir='ltr'>Jacobum</span> <span class='ocrx_word' id='word_1_7' title='bbox 979 328 1140 359; x_wconf 88' lang='lat' dir='ltr'>verum</span> <span class='ocrx_word' id='word_1_8' title='bbox 1182 310 1409 374; x_wconf 84' lang='lat' dir='ltr'>spirituale</span> <span class='ocrx_word' id='word_1_9' title='bbox 1444 313 1490 357; x_wconf 87' lang='lat' dir='ltr'>in</span> <span class='ocrx_word' id='word_1_10' title='bbox 1528 315 1736 371; x_wconf 83' lang='lat' dir='ltr'>naturali,</span> <span class='ocrx_word' id='word_1_11' title='bbox 1789 314 1839 362; x_wconf 87' lang='grc' dir='ltr'>ὅτ</span> <span class='ocrx_word' id='word_1_12' title='bbox 1877 328 1957 379; x_wconf 90' lang='lat' dir='ltr'>per</span> <span class='ocrx_word' id='word_1_13' title='bbox 1991 311 2111 362; x_wconf 87' lang='lat' dir='ltr'>filios</span> <span class='ocrx_word' id='word_1_14' title='bbox 2151 312 2270 364; x_wconf 73' lang='lat' dir='ltr'>illius</span> 
     </span>
     <span class='ocr_line' id='line_1_3' title="bbox 300 377 2323 439; baseline -0 -8"><span class='ocrx_word' id='word_1_15' title='bbox 300 386 416 431; x_wconf 85' lang='lat' dir='ltr'>bona</span> <span class='ocrx_word' id='word_1_16' title='bbox 462 385 511 431; x_wconf 93' lang='grc' dir='ltr'>ὅτ</span> <span class='ocrx_word' id='word_1_17' title='bbox 555 399 659 430; x_wconf 87' lang='lat' dir='ltr'>vera</span> <span class='ocrx_word' id='word_1_18' title='bbox 702 387 747 430; x_wconf 89' lang='lat' dir='ltr'>in</span> <span class='ocrx_word' id='word_1_19' title='bbox 792 381 986 428; x_wconf 77' lang='lat' dir='ltr'>naturali</span> <span class='ocrx_word' id='word_1_20' title='bbox 1018 378 1226 425; x_wconf 68' lang='lat' dir='ltr'>distincta</span> <span class='ocrx_word' id='word_1_21' title='bbox 1260 377 1307 423; x_wconf 88' lang='lat' dir='ltr'>in</span> <span class='ocrx_word' id='word_1_22' title='bbox 1341 392 1521 438; x_wconf 83' lang='lat' dir='ltr'>genera,</span> <span class='ocrx_word' id='word_1_23' title='bbox 1578 378 1747 428; x_wconf 90' lang='lat' dir='ltr'>idcirco</span> <span class='ocrx_word' id='word_1_24' title='bbox 1785 394 2065 433; x_wconf 84' lang='lat' dir='ltr'>memoratur</span> <span class='ocrx_word' id='word_1_25' title='bbox 2096 380 2271 439; x_wconf 69' lang='lat' dir='ltr'>Leblus,</span> <span class='ocrx_word' id='word_1_26' title='bbox 2316 410 2323 414; x_wconf 61' lang='grc'><strong>»</strong></span> 
     </span>
     <span class='ocr_line' id='line_1_4' title="bbox 299 442 2272 514; baseline -0.001 -17"><span class='ocrx_word' id='word_1_27' title='bbox 299 452 405 514; x_wconf 83' lang='lat' dir='ltr'>quia</span> <span class='ocrx_word' id='word_1_28' title='bbox 448 466 524 511; x_wconf 89' lang='lat' dir='ltr'>per</span> <span class='ocrx_word' id='word_1_29' title='bbox 566 451 696 496; x_wconf 85' lang='lat' dir='ltr'>illum</span> <span class='ocrx_word' id='word_1_30' title='bbox 720 449 918 495; x_wconf 71' lang='lat' dir='ltr'>naturale</span> <span class='ocrx_word' id='word_1_31' title='bbox 954 444 1246 507; x_wconf 78' lang='lat' dir='ltr'>significatur,</span> <span class='ocrx_word' id='word_1_32' title='bbox 1305 458 1334 489; x_wconf 93' lang='lat' dir='ltr'>n</span> <span class='ocrx_word' id='word_1_33' title='bbox 1357 459 1367 488; x_wconf 75' lang='grc' dir='ltr'>ε</span> <span class='ocrx_word' id='word_1_34' title='bbox 1401 442 1548 494; x_wconf 85' lang='grc'><strong>6188.</strong></span> <span class='ocrx_word' id='word_1_35' title='bbox 1597 445 1744 502; x_wconf 78' lang='lat'>6226,</span> <span class='ocrx_word' id='word_1_36' title='bbox 1794 461 1935 510; x_wconf 86' lang='lat' dir='ltr'>prout</span> <span class='ocrx_word' id='word_1_37' title='bbox 1974 447 2048 493; x_wconf 89' lang='lat' dir='ltr'>hic</span> <span class='ocrx_word' id='word_1_38' title='bbox 2104 455 2139 476; x_wconf 77' lang='lat'>‘⁶</span> <span class='ocrx_word' id='word_1_39' title='bbox 2165 463 2272 496; x_wconf 91' lang='lat' dir='ltr'>cum</span> 
     </span>
     <span class='ocr_line' id='line_1_5' title="bbox 299 506 2273 578; baseline -0.001 -15"><span class='ocrx_word' id='word_1_40' title='bbox 299 517 498 564; x_wconf 85' lang='lat' dir='ltr'>absolvit</span> <span class='ocrx_word' id='word_1_41' title='bbox 531 515 657 578; x_wconf 89' lang='lat' dir='ltr'>loqui</span> <span class='ocrx_word' id='word_1_42' title='bbox 700 515 754 560; x_wconf 86' lang='lat' dir='ltr'>ad</span> <span class='ocrx_word' id='word_1_43' title='bbox 799 512 915 561; x_wconf 85' lang='lat' dir='ltr'>filios</span> <span class='ocrx_word' id='word_1_44' title='bbox 962 511 1078 566; x_wconf 73' lang='lat' dir='ltr'>su03,</span> <span class='ocrx_word' id='word_1_45' title='bbox 1128 507 1235 572; x_wconf 84' lang='lat' dir='ltr'>quod</span> <span class='ocrx_word' id='word_1_46' title='bbox 1269 507 1478 570; x_wconf 83' lang='lat' dir='ltr'><em>collegerit</em></span> <span class='ocrx_word' id='word_1_47' title='bbox 1509 507 1634 571; x_wconf 82' lang='lat' dir='ltr'>pedes</span> <span class='ocrx_word' id='word_1_48' title='bbox 1661 514 1760 572; x_wconf 82' lang='lat' dir='ltr'>suos</span> <span class='ocrx_word' id='word_1_49' title='bbox 1792 511 1856 559; x_wconf 74' lang='lat' dir='ltr'>vad</span> <span class='ocrx_word' id='word_1_50' title='bbox 1889 511 2126 567; x_wconf 59' lang='lat' dir='ltr'>lestum;&#39;’</span> <span class='ocrx_word' id='word_1_51' title='bbox 2168 506 2273 562; x_wconf 74' lang='lat' dir='ltr'>tum⁴</span> 
     </span>
     <span class='ocr_line' id='line_1_6' title="bbox 305 574 2275 646; baseline -0.001 -17"><span class='ocrx_word' id='word_1_52' title='bbox 305 597 491 646; x_wconf 88' lang='lat' dir='ltr'>quoque</span> <span class='ocrx_word' id='word_1_53' title='bbox 523 597 629 628; x_wconf 85' lang='lat' dir='ltr'>cum</span> <span class='ocrx_word' id='word_1_54' title='bbox 664 579 837 641; x_wconf 87' lang='lat' dir='ltr'>Joseph</span> <span class='ocrx_word' id='word_1_55' title='bbox 862 578 986 624; x_wconf 91' lang='lat' dir='ltr'>venit</span> <span class='ocrx_word' id='word_1_56' title='bbox 1008 577 1062 622; x_wconf 88' lang='lat' dir='ltr'>ad</span> <span class='ocrx_word' id='word_1_57' title='bbox 1088 575 1233 630; x_wconf 86' lang='lat' dir='ltr'>illurn,</span> <span class='ocrx_word' id='word_1_58' title='bbox 1269 574 1433 621; x_wconf 88' lang='lat' dir='ltr'>dicitur</span> <span class='ocrx_word' id='word_1_59' title='bbox 1455 574 1581 641; x_wconf 87' lang='lat' dir='ltr'>quod</span> <span class='ocrx_word' id='word_1_60' title='bbox 1617 577 2008 636; x_wconf 83' lang='lat' dir='ltr'>“confirmaverit</span> <span class='ocrx_word' id='word_1_61' title='bbox 2046 579 2088 626; x_wconf 88' lang='lat' dir='ltr'>se</span> <span class='ocrx_word' id='word_1_62' title='bbox 2125 579 2275 635; x_wconf 88' lang='lat' dir='ltr'>Israel,</span> 
     </span>
     <span class='ocr_line' id='line_1_7' title="bbox 304 639 2272 709; baseline -0.002 -15"><span class='ocrx_word' id='word_1_63' title='bbox 304 648 360 697; x_wconf 70' lang='lat'>{9²</span> <span class='ocrx_word' id='word_1_64' title='bbox 384 647 542 708; x_wconf 68' lang='lat' dir='ltr'>fiderit</span> <span class='ocrx_word' id='word_1_65' title='bbox 564 647 693 707; x_wconf 78' lang='lat' dir='ltr'>super</span> <span class='ocrx_word' id='word_1_66' title='bbox 726 643 879 692; x_wconf 68' lang='lat' dir='ltr'>leblo&#39;’</span> <span class='ocrx_word' id='word_1_67' title='bbox 932 659 993 690; x_wconf 86' lang='lat' dir='ltr'>n:</span> <span class='ocrx_word' id='word_1_68' title='bbox 1021 642 1184 693; x_wconf 66' lang='lat'>6262,</span> <span class='ocrx_word' id='word_1_69' title='bbox 1237 652 1290 687; x_wconf 90' lang='lat' dir='ltr'>ut</span> <span class='ocrx_word' id='word_1_70' title='bbox 1335 642 1383 687; x_wconf 90' lang='grc' dir='ltr'>ὅτ</span> <span class='ocrx_word' id='word_1_71' title='bbox 1420 639 1664 703; x_wconf 86' lang='lat' dir='ltr'>postquam</span> <span class='ocrx_word' id='word_1_72' title='bbox 1706 642 1920 706; x_wconf 86' lang='lat' dir='ltr'>loquutus</span> <span class='ocrx_word' id='word_1_73' title='bbox 1954 643 2018 690; x_wconf 92' lang='lat' dir='ltr'>est</span> <span class='ocrx_word' id='word_1_74' title='bbox 2056 659 2161 700; x_wconf 83' lang='lat' dir='ltr'>cum</span> <span class='ocrx_word' id='word_1_75' title='bbox 2187 648 2272 709; x_wconf 91' lang='lat' dir='ltr'>Jo-</span> 
     </span>
     <span class='ocr_line' id='line_1_8' title="bbox 303 706 2275 775; baseline -0.002 -14"><span class='ocrx_word' id='word_1_76' title='bbox 303 715 442 775; x_wconf 83' lang='lat' dir='ltr'>sepno</span> <span class='ocrx_word' id='word_1_77' title='bbox 487 715 541 759; x_wconf 85' lang='lat' dir='ltr'>de</span> <span class='ocrx_word' id='word_1_78' title='bbox 584 711 835 772; x_wconf 65' lang='lat' dir='ltr'>sepeliendo</span> <span class='ocrx_word' id='word_1_79' title='bbox 874 709 915 755; x_wconf 92' lang='lat' dir='ltr'>se</span> <span class='ocrx_word' id='word_1_80' title='bbox 959 709 1004 754; x_wconf 90' lang='lat' dir='ltr'>in</span> <span class='ocrx_word' id='word_1_81' title='bbox 1046 706 1279 769; x_wconf 83' lang='lat' dir='ltr'>sepulchro</span> <span class='ocrx_word' id='word_1_82' title='bbox 1305 720 1484 768; x_wconf 82' lang='lat' dir='ltr'>patrum</span> <span class='ocrx_word' id='word_1_83' title='bbox 1527 706 1725 763; x_wconf 89' lang='lat' dir='ltr'>suorum,</span> <span class='ocrx_word' id='word_1_84' title='bbox 1767 708 1951 765; x_wconf 89' lang='lat' dir='ltr'>dicitur,</span> <span class='ocrx_word' id='word_1_85' title='bbox 1989 710 2117 772; x_wconf 90' lang='lat' dir='ltr'>quod</span> <span class='ocrx_word' id='word_1_86' title='bbox 2159 720 2192 740; x_wconf 82' lang='lat'><strong>“</strong></span> <span class='ocrx_word' id='word_1_87' title='bbox 2211 714 2275 758; x_wconf 90' lang='lat' dir='ltr'>in-</span> 
     </span>
     <span class='ocr_line' id='line_1_9' title="bbox 304 771 2274 839; baseline 0 -14"><span class='ocrx_word' id='word_1_88' title='bbox 304 781 585 829; x_wconf 79' lang='lat' dir='ltr'><em>curvaverint</em></span> <span class='ocrx_word' id='word_1_89' title='bbox 618 778 668 838; x_wconf 85' lang='lat' dir='ltr'>se</span> <span class='ocrx_word' id='word_1_90' title='bbox 705 778 834 839; x_wconf 65' lang='lat' dir='ltr'>fflael</span> <span class='ocrx_word' id='word_1_91' title='bbox 868 775 999 839; x_wconf 87' lang='lat' dir='ltr'>super</span> <span class='ocrx_word' id='word_1_92' title='bbox 1037 783 1164 836; x_wconf 81' lang='lat' dir='ltr'>caput</span> <span class='ocrx_word' id='word_1_93' title='bbox 1202 774 1298 820; x_wconf 68' lang='lat' dir='ltr'>lem</span> <span class='ocrx_word' id='word_1_94' title='bbox 1319 771 1349 790; x_wconf 82' lang='lat'>&#39;²</span> <span class='ocrx_word' id='word_1_95' title='bbox 1399 788 1458 818; x_wconf 89' lang='lat' dir='ltr'>n:</span> <span class='ocrx_word' id='word_1_96' title='bbox 1486 771 1648 838; x_wconf 85' lang='lat'><strong>6488:</strong></span> <span class='ocrx_word' id='word_1_97' title='bbox 1697 774 1803 821; x_wconf 90' lang='lat' dir='ltr'>inde</span> <span class='ocrx_word' id='word_1_98' title='bbox 1837 776 1991 830; x_wconf 87' lang='lat' dir='ltr'>etiam,</span> <span class='ocrx_word' id='word_1_99' title='bbox 2028 775 2150 838; x_wconf 84' lang='lat' dir='ltr'>quod</span> <span class='ocrx_word' id='word_1_100' title='bbox 2177 793 2274 824; x_wconf 86' lang='lat' dir='ltr'>me-</span> 
     </span>
     <span class='ocr_line' id='line_1_10' title="bbox 306 838 2274 904; baseline -0.002 -11"><span class='ocrx_word' id='word_1_101' title='bbox 306 845 543 900; x_wconf 85' lang='lat' dir='ltr'>morabile,</span> <span class='ocrx_word' id='word_1_102' title='bbox 597 859 703 890; x_wconf 86' lang='lat' dir='ltr'>cum</span> <span class='ocrx_word' id='word_1_103' title='bbox 745 841 973 903; x_wconf 88' lang='lat' dir='ltr'>cogitatur</span> <span class='ocrx_word' id='word_1_104' title='bbox 1010 839 1066 886; x_wconf 88' lang='lat' dir='ltr'>de</span> <span class='ocrx_word' id='word_1_105' title='bbox 1105 838 1297 899; x_wconf 74' lang='lat' dir='ltr'>jacobo,</span> <span class='ocrx_word' id='word_1_106' title='bbox 1354 850 1538 900; x_wconf 87' lang='lat' dir='ltr'>apparet</span> <span class='ocrx_word' id='word_1_107' title='bbox 1578 839 1623 885; x_wconf 90' lang='lat' dir='ltr'>in</span> <span class='ocrx_word' id='word_1_108' title='bbox 1671 840 1847 887; x_wconf 89' lang='lat' dir='ltr'>mundo</span> <span class='ocrx_word' id='word_1_109' title='bbox 1892 840 2129 904; x_wconf 84' lang='lat' dir='ltr'>spirituum</span> <span class='ocrx_word' id='word_1_110' title='bbox 2165 846 2274 890; x_wconf 81' lang='lat' dir='ltr'>Lec-</span> 
     </span>
     <span class='ocr_line' id='line_1_11' title="bbox 307 903 2280 972; baseline -0.001 -14"><span class='ocrx_word' id='word_1_111' title='bbox 307 922 377 959; x_wconf 85' lang='lat' dir='ltr'>tus</span> <span class='ocrx_word' id='word_1_112' title='bbox 414 911 459 956; x_wconf 90' lang='lat' dir='ltr'>in</span> <span class='ocrx_word' id='word_1_113' title='bbox 484 925 579 972; x_wconf 92' lang='lat' dir='ltr'>quo</span> <span class='ocrx_word' id='word_1_114' title='bbox 605 910 675 955; x_wconf 88' lang='lat' dir='ltr'>vir</span> <span class='ocrx_word' id='word_1_115' title='bbox 697 908 830 955; x_wconf 87' lang='lat' dir='ltr'>cubat</span> <span class='ocrx_word' id='word_1_116' title='bbox 851 927 864 960; x_wconf 69' lang='grc' dir='ltr'><strong>ς</strong></span> <span class='ocrx_word' id='word_1_117' title='bbox 903 907 989 953; x_wconf 90' lang='lat' dir='ltr'>hoc</span> <span class='ocrx_word' id='word_1_118' title='bbox 1012 918 1198 968; x_wconf 87' lang='lat' dir='ltr'>apparet</span> <span class='ocrx_word' id='word_1_119' title='bbox 1219 903 1274 951; x_wconf 89' lang='lat' dir='ltr'>ad</span> <span class='ocrx_word' id='word_1_120' title='bbox 1301 903 1555 951; x_wconf 84' lang='lat' dir='ltr'>distantiam</span> <span class='ocrx_word' id='word_1_121' title='bbox 1581 903 1708 968; x_wconf 88' lang='lat' dir='ltr'>supra</span> <span class='ocrx_word' id='word_1_122' title='bbox 1731 920 1865 969; x_wconf 90' lang='lat' dir='ltr'>caput</span> <span class='ocrx_word' id='word_1_123' title='bbox 1888 906 2037 953; x_wconf 88' lang='lat' dir='ltr'>versus</span> <span class='ocrx_word' id='word_1_124' title='bbox 2061 907 2280 956; x_wconf 81' lang='lat' dir='ltr'>anteriora</span> 
     </span>
     <span class='ocr_line' id='line_1_12' title="bbox 303 969 2282 1037; baseline -0.003 -12"><span class='ocrx_word' id='word_1_125' title='bbox 303 976 589 1025; x_wconf 80' lang='lat' dir='ltr'>dextrorsum</span> <span class='ocrx_word' id='word_1_126' title='bbox 613 994 627 1029; x_wconf 78' lang='lat'><em>3</em></span> <span class='ocrx_word' id='word_1_127' title='bbox 668 974 928 1037; x_wconf 84' lang='lat' dir='ltr'>apparentia</span> <span class='ocrx_word' id='word_1_128' title='bbox 953 971 1029 1018; x_wconf 89' lang='lat' dir='ltr'>illa</span> <span class='ocrx_word' id='word_1_129' title='bbox 1052 971 1116 1018; x_wconf 90' lang='lat' dir='ltr'>est</span> <span class='ocrx_word' id='word_1_130' title='bbox 1146 971 1269 1027; x_wconf 88' lang='lat' dir='ltr'>inde,</span> <span class='ocrx_word' id='word_1_131' title='bbox 1305 971 1415 1033; x_wconf 87' lang='lat' dir='ltr'>quia</span> <span class='ocrx_word' id='word_1_132' title='bbox 1454 969 1553 1016; x_wconf 89' lang='lat' dir='ltr'>idea</span> <span class='ocrx_word' id='word_1_133' title='bbox 1575 971 1863 1034; x_wconf 85' lang='lat' dir='ltr'>cogitationis</span> <span class='ocrx_word' id='word_1_134' title='bbox 1901 973 1957 1018; x_wconf 92' lang='lat' dir='ltr'>de</span> <span class='ocrx_word' id='word_1_135' title='bbox 1984 973 2159 1036; x_wconf 84' lang='lat' dir='ltr'>Jacobo</span> <span class='ocrx_word' id='word_1_136' title='bbox 2185 989 2282 1020; x_wconf 86' lang='lat' dir='ltr'>ver·</span> 
     </span>
     <span class='ocr_line' id='line_1_13' title="bbox 302 1035 2295 1103; baseline -0.003 -10"><span class='ocrx_word' id='word_1_137' title='bbox 302 1046 410 1094; x_wconf 86' lang='lat' dir='ltr'>titur</span> <span class='ocrx_word' id='word_1_138' title='bbox 441 1044 487 1088; x_wconf 90' lang='lat' dir='ltr'>in</span> <span class='ocrx_word' id='word_1_139' title='bbox 512 1041 647 1088; x_wconf 90' lang='lat' dir='ltr'>Coelo</span> <span class='ocrx_word' id='word_1_140' title='bbox 672 1040 716 1086; x_wconf 86' lang='lat' dir='ltr'>in</span> <span class='ocrx_word' id='word_1_141' title='bbox 744 1040 894 1086; x_wconf 89' lang='lat' dir='ltr'>ideam</span> <span class='ocrx_word' id='word_1_142' title='bbox 917 1038 1208 1099; x_wconf 81' lang='lat' dir='ltr'>cogitationis</span> <span class='ocrx_word' id='word_1_143' title='bbox 1231 1038 1288 1084; x_wconf 91' lang='lat' dir='ltr'>de</span> <span class='ocrx_word' id='word_1_144' title='bbox 1312 1035 1542 1092; x_wconf 86' lang='lat' dir='ltr'>Naturali,</span> <span class='ocrx_word' id='word_1_145' title='bbox 1577 1051 1681 1084; x_wconf 87' lang='lat' dir='ltr'>nam</span> <span class='ocrx_word' id='word_1_146' title='bbox 1707 1037 1751 1084; x_wconf 89' lang='lat' dir='ltr'>in</span> <span class='ocrx_word' id='word_1_147' title='bbox 1776 1038 1897 1084; x_wconf 87' lang='lat' dir='ltr'>coelo</span> <span class='ocrx_word' id='word_1_148' title='bbox 1921 1054 2010 1085; x_wconf 88' lang='lat' dir='ltr'>non</span> <span class='ocrx_word' id='word_1_149' title='bbox 2036 1040 2295 1103; x_wconf 64' lang='lat' dir='ltr'>percipitur</span> 
     </span>
     <span class='ocr_line' id='line_1_14' title="bbox 305 1100 2281 1173; baseline -0.002 -18"><span class='ocrx_word' id='word_1_150' title='bbox 305 1109 419 1173; x_wconf 88' lang='lat' dir='ltr'>quid</span> <span class='ocrx_word' id='word_1_151' title='bbox 443 1108 604 1170; x_wconf 86' lang='lat' dir='ltr'>Jacob,</span> <span class='ocrx_word' id='word_1_152' title='bbox 650 1106 719 1153; x_wconf 89' lang='lat' dir='ltr'>sed</span> <span class='ocrx_word' id='word_1_153' title='bbox 744 1105 789 1152; x_wconf 81' lang='lat' dir='ltr'>id</span> <span class='ocrx_word' id='word_1_154' title='bbox 813 1105 938 1168; x_wconf 89' lang='lat' dir='ltr'>quod</span> <span class='ocrx_word' id='word_1_155' title='bbox 965 1119 1046 1166; x_wconf 89' lang='lat' dir='ltr'>per</span> <span class='ocrx_word' id='word_1_156' title='bbox 1068 1102 1196 1150; x_wconf 91' lang='lat' dir='ltr'>illum</span> <span class='ocrx_word' id='word_1_157' title='bbox 1221 1100 1577 1166; x_wconf 72' lang='lat' dir='ltr'>repraesentatur,</span> <span class='ocrx_word' id='word_1_158' title='bbox 1615 1118 1780 1168; x_wconf 87' lang='lat' dir='ltr'>nempe</span> <span class='ocrx_word' id='word_1_159' title='bbox 1803 1104 2035 1162; x_wconf 84' lang='lat' dir='ltr'>Naturale,</span> <span class='ocrx_word' id='word_1_160' title='bbox 2071 1106 2198 1169; x_wconf 89' lang='lat' dir='ltr'>quod</span> <span class='ocrx_word' id='word_1_161' title='bbox 2235 1122 2281 1153; x_wconf 88' lang='lat' dir='ltr'>e-</span> 
     </span>
     <span class='ocr_line' id='line_1_15' title="bbox 303 1170 1055 1235; baseline -0.011 -12"><span class='ocrx_word' id='word_1_162' title='bbox 303 1178 415 1223; x_wconf 87' lang='lat' dir='ltr'>tiam</span> <span class='ocrx_word' id='word_1_163' title='bbox 458 1189 537 1235; x_wconf 90' lang='lat' dir='ltr'>per</span> <span class='ocrx_word' id='word_1_164' title='bbox 574 1172 739 1219; x_wconf 57' lang='lat' dir='ltr'>lestum</span> <span class='ocrx_word' id='word_1_165' title='bbox 767 1170 1055 1233; x_wconf 84' lang='lat' dir='ltr'>significatur.</span> 
     </span>
    </p>

    <p class='ocr_par' dir='ltr' id='par_1_3' title="bbox 306 1235 2282 1504">
     <span class='ocr_line' id='line_1_16' title="bbox 372 1235 2280 1301; baseline -0.001 -14"><span class='ocrx_word' id='word_1_166' title='bbox 372 1240 517 1301; x_wconf 88' lang='grc'><strong>6464.</strong></span> <span class='ocrx_word' id='word_1_167' title='bbox 556 1239 621 1285; x_wconf 88' lang='grc' dir='ltr'>Ε1</span> <span class='ocrx_word' id='word_1_168' title='bbox 642 1236 895 1300; x_wconf 85' lang='lat' dir='ltr'>exspiravit,</span> <span class='ocrx_word' id='word_1_169' title='bbox 932 1235 1054 1300; x_wconf 90' lang='lat' dir='ltr'>quod</span> <span class='ocrx_word' id='word_1_170' title='bbox 1081 1235 1303 1298; x_wconf 82' lang='lat' dir='ltr'>significet</span> <span class='ocrx_word' id='word_1_171' title='bbox 1325 1236 1471 1285; x_wconf 89' lang='lat' dir='ltr'>vitam</span> <span class='ocrx_word' id='word_1_172' title='bbox 1497 1252 1663 1284; x_wconf 89' lang='lat' dir='ltr'>novam</span> <span class='ocrx_word' id='word_1_173' title='bbox 1691 1235 1772 1293; x_wconf 89' lang='lat' dir='ltr'>ibi,</span> <span class='ocrx_word' id='word_1_174' title='bbox 1815 1251 1981 1300; x_wconf 86' lang='lat' dir='ltr'>nempe</span> <span class='ocrx_word' id='word_1_175' title='bbox 2006 1235 2050 1283; x_wconf 90' lang='lat' dir='ltr'>in</span> <span class='ocrx_word' id='word_1_176' title='bbox 2076 1236 2206 1286; x_wconf 89' lang='lat' dir='ltr'>bonis</span> <span class='ocrx_word' id='word_1_177' title='bbox 2231 1238 2280 1286; x_wconf 87' lang='grc' dir='ltr'>ὅτ</span> 
     </span>
     <span class='ocr_line' id='line_1_17' title="bbox 306 1298 2282 1366; baseline -0.002 -12"><span class='ocrx_word' id='word_1_178' title='bbox 306 1308 424 1354; x_wconf 87' lang='lat' dir='ltr'>veris</span> <span class='ocrx_word' id='word_1_179' title='bbox 449 1304 656 1352; x_wconf 88' lang='lat' dir='ltr'>naturalis</span> <span class='ocrx_word' id='word_1_180' title='bbox 679 1302 920 1360; x_wconf 80' lang='lat' dir='ltr'>inferiori8‚</span> <span class='ocrx_word' id='word_1_181' title='bbox 946 1318 1052 1366; x_wconf 86' lang='lat' dir='ltr'>quae</span> <span class='ocrx_word' id='word_1_182' title='bbox 1077 1302 1443 1365; x_wconf 81' lang='lat' dir='ltr'>repraesentantur</span> <span class='ocrx_word' id='word_1_183' title='bbox 1469 1319 1549 1366; x_wconf 93' lang='lat' dir='ltr'>per</span> <span class='ocrx_word' id='word_1_184' title='bbox 1574 1304 1690 1351; x_wconf 86' lang='lat' dir='ltr'>filios</span> <span class='ocrx_word' id='word_1_185' title='bbox 1714 1300 1809 1363; x_wconf 88' lang='lat' dir='ltr'>ejus</span> <span class='ocrx_word' id='word_1_186' title='bbox 1832 1298 1879 1350; x_wconf 82' lang='lat'>&amp;</span> <span class='ocrx_word' id='word_1_187' title='bbox 1907 1304 2070 1360; x_wconf 86' lang='lat' dir='ltr'>tribus,</span> <span class='ocrx_word' id='word_1_188' title='bbox 2106 1304 2282 1351; x_wconf 90' lang='lat' dir='ltr'>constat</span> 
     </span>
     <span class='ocr_line' id='line_1_18' title="bbox 307 1368 2282 1435; baseline -0.002 -14"><span class='ocrx_word' id='word_1_189' title='bbox 307 1390 366 1421; x_wconf 87' lang='lat' dir='ltr'>ex</span> <span class='ocrx_word' id='word_1_190' title='bbox 391 1371 683 1435; x_wconf 82' lang='lat' dir='ltr'>figificatione</span> <span class='ocrx_word' id='word_1_191' title='bbox 724 1368 945 1432; x_wconf 85' lang='lat' dir='ltr'>exspirare</span> <span class='ocrx_word' id='word_1_192' title='bbox 982 1368 1055 1415; x_wconf 85' lang='lat' dir='ltr'>seu</span> <span class='ocrx_word' id='word_1_193' title='bbox 1097 1368 1233 1426; x_wconf 89' lang='lat' dir='ltr'>mori,</span> <span class='ocrx_word' id='word_1_194' title='bbox 1269 1369 1397 1432; x_wconf 90' lang='lat' dir='ltr'>quod</span> <span class='ocrx_word' id='word_1_195' title='bbox 1437 1370 1490 1433; x_wconf 89' lang='lat' dir='ltr'>fit</span> <span class='ocrx_word' id='word_1_196' title='bbox 1516 1369 1608 1417; x_wconf 92' lang='lat' dir='ltr'>vita</span> <span class='ocrx_word' id='word_1_197' title='bbox 1649 1384 1785 1426; x_wconf 89' lang='lat' dir='ltr'>nova,</span> <span class='ocrx_word' id='word_1_198' title='bbox 1820 1368 1877 1416; x_wconf 88' lang='lat' dir='ltr'>de</span> <span class='ocrx_word' id='word_1_199' title='bbox 1916 1384 2025 1433; x_wconf 35' lang='lat' dir='ltr'>qua,</span> <span class='ocrx_word' id='word_1_200' title='bbox 2047 1385 2107 1416; x_wconf 90' lang='lat' dir='ltr'>n:</span> <span class='ocrx_word' id='word_1_201' title='bbox 2135 1373 2282 1434; x_wconf 85' lang='lat'>3498.</span> 
     </span>
     <span class='ocr_line' id='line_1_19' title="bbox 310 1435 1684 1504; baseline -0.005 -17"><span class='ocrx_word' id='word_1_202' title='bbox 310 1454 455 1504; x_wconf 79' lang='lat'><em>5305.</em></span> <span class='ocrx_word' id='word_1_203' title='bbox 484 1438 630 1493; x_wconf 82' lang='lat'><strong>4618.</strong></span> <span class='ocrx_word' id='word_1_204' title='bbox 655 1435 802 1495; x_wconf 81' lang='lat'>4621.</span> <span class='ocrx_word' id='word_1_205' title='bbox 831 1435 977 1496; x_wconf 88' lang='lat'><strong>6036.</strong></span> <span class='ocrx_word' id='word_1_206' title='bbox 1681 1455 1684 1461; x_wconf 95' lang='lat'>·</span> 
     </span>
    </p>

    <p class='ocr_par' dir='ltr' id='par_1_4' title="bbox 302 1500 2373 3265">
     <span class='ocr_line' id='line_1_20' title="bbox 375 1500 2285 1566; baseline -0.002 -14"><span class='ocrx_word' id='word_1_207' title='bbox 375 1504 520 1565; x_wconf 89' lang='lat'><strong>6465.</strong></span> <span class='ocrx_word' id='word_1_208' title='bbox 557 1501 856 1550; x_wconf 71' lang='lat' dir='ltr'>Etcollerfitus</span> <span class='ocrx_word' id='word_1_209' title='bbox 878 1501 932 1547; x_wconf 90' lang='lat' dir='ltr'>ad</span> <span class='ocrx_word' id='word_1_210' title='bbox 957 1501 1148 1563; x_wconf 90' lang='lat' dir='ltr'>populos</span> <span class='ocrx_word' id='word_1_211' title='bbox 1173 1500 1292 1557; x_wconf 71' lang='grc'><strong>11103,</strong></span> <span class='ocrx_word' id='word_1_212' title='bbox 1328 1501 1454 1566; x_wconf 89' lang='lat' dir='ltr'>quod</span> <span class='ocrx_word' id='word_1_213' title='bbox 1479 1502 1701 1564; x_wconf 83' lang='lat' dir='ltr'>significet</span> <span class='ocrx_word' id='word_1_214' title='bbox 1720 1500 1848 1565; x_wconf 89' lang='lat' dir='ltr'>quod</span> <span class='ocrx_word' id='word_1_215' title='bbox 1873 1501 1982 1549; x_wconf 85' lang='lat' dir='ltr'>effet</span> <span class='ocrx_word' id='word_1_216' title='bbox 2007 1500 2053 1548; x_wconf 89' lang='lat' dir='ltr'>in</span> <span class='ocrx_word' id='word_1_217' title='bbox 2078 1501 2209 1549; x_wconf 89' lang='lat' dir='ltr'>bonis</span> <span class='ocrx_word' id='word_1_218' title='bbox 2234 1502 2285 1549; x_wconf 88' lang='lat'>&amp;</span> 
     </span>
     <span class='ocr_line' id='line_1_21' title="bbox 308 1564 2285 1631; baseline -0.001 -14"><span class='ocrx_word' id='word_1_219' title='bbox 308 1572 429 1618; x_wconf 87' lang='lat' dir='ltr'>veris</span> <span class='ocrx_word' id='word_1_220' title='bbox 453 1568 665 1617; x_wconf 88' lang='lat' dir='ltr'>naturalis</span> <span class='ocrx_word' id='word_1_221' title='bbox 689 1584 796 1631; x_wconf 87' lang='lat' dir='ltr'>quae</span> <span class='ocrx_word' id='word_1_222' title='bbox 818 1583 844 1616; x_wconf 84' lang='lat' dir='ltr'>a</span> <span class='ocrx_word' id='word_1_223' title='bbox 868 1567 926 1622; x_wconf 92' lang='lat' dir='ltr'>se,</span> <span class='ocrx_word' id='word_1_224' title='bbox 979 1567 1152 1614; x_wconf 91' lang='lat' dir='ltr'>constat</span> <span class='ocrx_word' id='word_1_225' title='bbox 1174 1567 1231 1613; x_wconf 89' lang='lat' dir='ltr'>ab</span> <span class='ocrx_word' id='word_1_226' title='bbox 1254 1567 1343 1614; x_wconf 90' lang='lat' dir='ltr'>illis</span> <span class='ocrx_word' id='word_1_227' title='bbox 1366 1567 1495 1629; x_wconf 91' lang='lat' dir='ltr'>supra</span> <span class='ocrx_word' id='word_1_228' title='bbox 1520 1585 1546 1614; x_wconf 88' lang='lat' dir='ltr'>n</span> <span class='ocrx_word' id='word_1_229' title='bbox 1566 1585 1577 1613; x_wconf 79' lang='lat'>2</span> <span class='ocrx_word' id='word_1_230' title='bbox 1604 1571 1749 1629; x_wconf 86' lang='lat'>6451,</span> <span class='ocrx_word' id='word_1_231' title='bbox 1802 1568 1882 1614; x_wconf 92' lang='lat' dir='ltr'>ubi</span> <span class='ocrx_word' id='word_1_232' title='bbox 1920 1568 2083 1615; x_wconf 76' lang='lat' dir='ltr'>similia</span> <span class='ocrx_word' id='word_1_233' title='bbox 2112 1564 2250 1616; x_wconf 67' lang='lat' dir='ltr'>&#39;verba</span> <span class='ocrx_word' id='word_1_234' title='bbox 2270 1590 2285 1621; x_wconf 91' lang='lat'>·‚</span> 
     </span>
     <span class='ocr_line' id='line_1_22' title="bbox 308 1630 2286 1698; baseline -0.002 -13"><span class='ocrx_word' id='word_1_235' title='bbox 308 1638 551 1685; x_wconf 86' lang='lat' dir='ltr'>videantur</span> <span class='ocrx_word' id='word_1_236' title='bbox 576 1649 684 1698; x_wconf 80' lang='lat' dir='ltr'>quae</span> <span class='ocrx_word' id='word_1_237' title='bbox 709 1633 771 1680; x_wconf 90' lang='lat' dir='ltr'>ibi</span> <span class='ocrx_word' id='word_1_238' title='bbox 795 1633 925 1680; x_wconf 88' lang='lat' dir='ltr'>allata</span> <span class='ocrx_word' id='word_1_239' title='bbox 949 1632 1052 1679; x_wconf 92' lang='lat' dir='ltr'>sunt</span> <span class='ocrx_word' id='word_1_240' title='bbox 1075 1632 1132 1679; x_wconf 90' lang='lat' dir='ltr'>de</span> <span class='ocrx_word' id='word_1_241' title='bbox 1154 1632 1387 1680; x_wconf 89' lang='lat' dir='ltr'>existentia</span> <span class='ocrx_word' id='word_1_242' title='bbox 1410 1634 1460 1680; x_wconf 93' lang='grc' dir='ltr'>ὅτ</span> <span class='ocrx_word' id='word_1_243' title='bbox 1493 1633 1588 1680; x_wconf 89' lang='lat' dir='ltr'>vita</span> <span class='ocrx_word' id='word_1_244' title='bbox 1623 1633 1731 1680; x_wconf 90' lang='lat' dir='ltr'>boni</span> <span class='ocrx_word' id='word_1_245' title='bbox 1765 1630 2020 1694; x_wconf 84' lang='lat' dir='ltr'>spiritualis,</span> <span class='ocrx_word' id='word_1_246' title='bbox 2069 1634 2197 1696; x_wconf 91' lang='lat' dir='ltr'>quod</span> <span class='ocrx_word' id='word_1_247' title='bbox 2222 1634 2286 1681; x_wconf 89' lang='lat' dir='ltr'>Is-</span> 
     </span>
     <span class='ocr_line' id='line_1_23' title="bbox 310 1696 2287 1762; baseline -0.002 -12"><span class='ocrx_word' id='word_1_248' title='bbox 310 1703 418 1759; x_wconf 86' lang='lat' dir='ltr'>rael,</span> <span class='ocrx_word' id='word_1_249' title='bbox 454 1703 502 1749; x_wconf 90' lang='lat' dir='ltr'>in</span> <span class='ocrx_word' id='word_1_250' title='bbox 525 1700 656 1749; x_wconf 88' lang='lat' dir='ltr'>bonis</span> <span class='ocrx_word' id='word_1_251' title='bbox 676 1700 725 1747; x_wconf 90' lang='grc' dir='ltr'>ὅτ</span> <span class='ocrx_word' id='word_1_252' title='bbox 750 1701 869 1753; x_wconf 85' lang='lat' dir='ltr'>veris</span> <span class='ocrx_word' id='word_1_253' title='bbox 888 1699 1098 1746; x_wconf 89' lang='lat' dir='ltr'>naturalis</span> <span class='ocrx_word' id='word_1_254' title='bbox 1122 1698 1360 1754; x_wconf 87' lang='lat' dir='ltr'>inferioris,</span> <span class='ocrx_word' id='word_1_255' title='bbox 1396 1715 1505 1762; x_wconf 83' lang='lat' dir='ltr'>quae</span> <span class='ocrx_word' id='word_1_256' title='bbox 1529 1698 1631 1746; x_wconf 88' lang='lat' dir='ltr'>sunt</span> <span class='ocrx_word' id='word_1_257' title='bbox 1650 1697 1731 1745; x_wconf 89' lang='lat' dir='ltr'>filii</span> <span class='ocrx_word' id='word_1_258' title='bbox 1756 1696 1851 1760; x_wconf 90' lang='lat' dir='ltr'>ejus</span> <span class='ocrx_word' id='word_1_259' title='bbox 1874 1699 1921 1745; x_wconf 90' lang='grc' dir='ltr'>ὅτ</span> <span class='ocrx_word' id='word_1_260' title='bbox 1947 1698 2192 1749; x_wconf 88' lang='lat' dir='ltr'>duodecim</span> <span class='ocrx_word' id='word_1_261' title='bbox 2210 1700 2287 1747; x_wconf 92' lang='lat' dir='ltr'>tri-</span> 
     </span>
     <span class='ocr_line' id='line_1_24' title="bbox 309 1763 2283 1828; baseline -0.002 -11"><span class='ocrx_word' id='word_1_262' title='bbox 309 1770 410 1817; x_wconf 75' lang='lat' dir='ltr'>buS.</span> <span class='ocrx_word' id='word_1_263' title='bbox 478 1768 552 1814; x_wconf 91' lang='lat' dir='ltr'>De</span> <span class='ocrx_word' id='word_1_264' title='bbox 575 1765 807 1813; x_wconf 87' lang='lat' dir='ltr'>existentia</span> <span class='ocrx_word' id='word_1_265' title='bbox 832 1764 1100 1812; x_wconf 88' lang='lat' dir='ltr'>interiorum</span> <span class='ocrx_word' id='word_1_266' title='bbox 1125 1764 1169 1811; x_wconf 90' lang='lat' dir='ltr'>in</span> <span class='ocrx_word' id='word_1_267' title='bbox 1191 1763 1488 1812; x_wconf 86' lang='lat' dir='ltr'>exterioribus</span> <span class='ocrx_word' id='word_1_268' title='bbox 1513 1780 1649 1827; x_wconf 89' lang='lat' dir='ltr'>porro</span> <span class='ocrx_word' id='word_1_269' title='bbox 1673 1763 1927 1820; x_wconf 88' lang='lat' dir='ltr'>sciendum,</span> <span class='ocrx_word' id='word_1_270' title='bbox 1976 1766 2103 1828; x_wconf 89' lang='lat' dir='ltr'>quod</span> <span class='ocrx_word' id='word_1_271' title='bbox 2127 1766 2283 1813; x_wconf 87' lang='lat' dir='ltr'>omnia</span> 
     </span>
     <span class='ocr_line' id='line_1_25' title="bbox 311 1829 2291 1897; baseline -0.002 -14"><span class='ocrx_word' id='word_1_272' title='bbox 311 1851 404 1883; x_wconf 89' lang='lat' dir='ltr'>non</span> <span class='ocrx_word' id='word_1_273' title='bbox 428 1833 576 1880; x_wconf 87' lang='lat' dir='ltr'>solum</span> <span class='ocrx_word' id='word_1_274' title='bbox 599 1831 722 1895; x_wconf 88' lang='lat' dir='ltr'>apud</span> <span class='ocrx_word' id='word_1_275' title='bbox 747 1830 1000 1886; x_wconf 87' lang='lat' dir='ltr'>hominem,</span> <span class='ocrx_word' id='word_1_276' title='bbox 1047 1829 1121 1877; x_wconf 85' lang='lat' dir='ltr'>sed</span> <span class='ocrx_word' id='word_1_277' title='bbox 1144 1830 1279 1879; x_wconf 92' lang='lat' dir='ltr'>etiam</span> <span class='ocrx_word' id='word_1_278' title='bbox 1307 1829 1352 1877; x_wconf 89' lang='lat' dir='ltr'>in</span> <span class='ocrx_word' id='word_1_279' title='bbox 1377 1830 1583 1878; x_wconf 90' lang='lat' dir='ltr'>universa</span> <span class='ocrx_word' id='word_1_280' title='bbox 1602 1843 1776 1886; x_wconf 86' lang='lat' dir='ltr'>natura,</span> <span class='ocrx_word' id='word_1_281' title='bbox 1814 1829 2006 1878; x_wconf 88' lang='lat' dir='ltr'>existant</span> <span class='ocrx_word' id='word_1_282' title='bbox 2024 1848 2104 1897; x_wconf 92' lang='lat' dir='ltr'>per</span> <span class='ocrx_word' id='word_1_283' title='bbox 2121 1831 2291 1880; x_wconf 85' lang='lat' dir='ltr'>forma-</span> 
     </span>
     <span class='ocr_line' id='line_1_26' title="bbox 310 1895 2290 1961; baseline -0.001 -13"><span class='ocrx_word' id='word_1_284' title='bbox 310 1902 458 1949; x_wconf 86' lang='lat' dir='ltr'>tiones</span> <span class='ocrx_word' id='word_1_285' title='bbox 484 1899 757 1954; x_wconf 87' lang='lat' dir='ltr'>succeffivas,</span> <span class='ocrx_word' id='word_1_286' title='bbox 795 1897 854 1945; x_wconf 91' lang='lat' dir='ltr'>ita</span> <span class='ocrx_word' id='word_1_287' title='bbox 877 1896 1122 1960; x_wconf 88' lang='lat' dir='ltr'>posteriora</span> <span class='ocrx_word' id='word_1_288' title='bbox 1147 1912 1227 1958; x_wconf 88' lang='lat' dir='ltr'>per</span> <span class='ocrx_word' id='word_1_289' title='bbox 1250 1895 1544 1944; x_wconf 88' lang='lat' dir='ltr'>formationes</span> <span class='ocrx_word' id='word_1_290' title='bbox 1567 1912 1593 1943; x_wconf 90' lang='lat' dir='ltr'>a</span> <span class='ocrx_word' id='word_1_291' title='bbox 1616 1896 1868 1959; x_wconf 83' lang='lat' dir='ltr'>prioribus;</span> <span class='ocrx_word' id='word_1_292' title='bbox 1914 1897 2020 1945; x_wconf 92' lang='lat' dir='ltr'>inde</span> <span class='ocrx_word' id='word_1_293' title='bbox 2044 1898 2123 1955; x_wconf 87' lang='lat' dir='ltr'>est,</span> <span class='ocrx_word' id='word_1_294' title='bbox 2162 1899 2290 1961; x_wconf 91' lang='lat' dir='ltr'>quod</span> 
     </span>
     <span class='ocr_line' id='line_1_27' title="bbox 311 1962 2291 2030; baseline -0.003 -15"><span class='ocrx_word' id='word_1_295' title='bbox 311 1965 579 2030; x_wconf 87' lang='lat' dir='ltr'>unaquaevis</span> <span class='ocrx_word' id='word_1_296' title='bbox 598 1962 810 2012; x_wconf 89' lang='lat' dir='ltr'>formatio</span> <span class='ocrx_word' id='word_1_297' title='bbox 834 1962 992 2010; x_wconf 90' lang='lat' dir='ltr'>existat</span> <span class='ocrx_word' id='word_1_298' title='bbox 1011 1963 1204 2024; x_wconf 88' lang='lat' dir='ltr'>separata</span> <span class='ocrx_word' id='word_1_299' title='bbox 1222 1963 1280 2011; x_wconf 91' lang='lat' dir='ltr'>ab</span> <span class='ocrx_word' id='word_1_300' title='bbox 1302 1963 1452 2018; x_wconf 89' lang='lat' dir='ltr'>altera,</span> <span class='ocrx_word' id='word_1_301' title='bbox 1488 1962 1562 2010; x_wconf 89' lang='lat' dir='ltr'>sed</span> <span class='ocrx_word' id='word_1_302' title='bbox 1582 1962 1721 2026; x_wconf 91' lang='lat' dir='ltr'>usque</span> <span class='ocrx_word' id='word_1_303' title='bbox 1741 1963 1866 2027; x_wconf 92' lang='lat' dir='ltr'>quod</span> <span class='ocrx_word' id='word_1_304' title='bbox 1885 1962 2104 2026; x_wconf 79' lang='lat' dir='ltr'>posterior</span> <span class='ocrx_word' id='word_1_305' title='bbox 2117 1964 2291 2028; x_wconf 89' lang='lat' dir='ltr'>depen-</span> 
     </span>
     <span class='ocr_line' id='line_1_28' title="bbox 314 2027 2353 2094; baseline -0.001 -14"><span class='ocrx_word' id='word_1_306' title='bbox 314 2034 417 2081; x_wconf 91' lang='lat' dir='ltr'>deat</span> <span class='ocrx_word' id='word_1_307' title='bbox 441 2049 464 2078; x_wconf 87' lang='lat' dir='ltr'>a</span> <span class='ocrx_word' id='word_1_308' title='bbox 483 2031 637 2094; x_wconf 89' lang='lat' dir='ltr'>priori,</span> <span class='ocrx_word' id='word_1_309' title='bbox 673 2029 787 2077; x_wconf 87' lang='lat' dir='ltr'>adeo</span> <span class='ocrx_word' id='word_1_310' title='bbox 806 2042 858 2077; x_wconf 91' lang='lat' dir='ltr'>ut</span> <span class='ocrx_word' id='word_1_311' title='bbox 881 2045 971 2076; x_wconf 90' lang='lat' dir='ltr'>non</span> <span class='ocrx_word' id='word_1_312' title='bbox 993 2028 1223 2076; x_wconf 80' lang='lat' dir='ltr'>subsistere</span> <span class='ocrx_word' id='word_1_313' title='bbox 1246 2041 1384 2093; x_wconf 89' lang='lat' dir='ltr'>queat</span> <span class='ocrx_word' id='word_1_314' title='bbox 1397 2027 1564 2092; x_wconf 91' lang='lat' dir='ltr'>absque</span> <span class='ocrx_word' id='word_1_315' title='bbox 1584 2030 1739 2091; x_wconf 87' lang='lat' dir='ltr'>priori,</span> <span class='ocrx_word' id='word_1_316' title='bbox 1775 2044 1880 2076; x_wconf 87' lang='lat' dir='ltr'>nam</span> <span class='ocrx_word' id='word_1_317' title='bbox 1900 2030 2118 2093; x_wconf 88' lang='lat' dir='ltr'>posterior</span> <span class='ocrx_word' id='word_1_318' title='bbox 2141 2030 2186 2077; x_wconf 88' lang='lat' dir='ltr'>in</span> <span class='ocrx_word' id='word_1_319' title='bbox 2212 2028 2293 2079; x_wconf 92' lang='lat' dir='ltr'>suo</span> <span class='ocrx_word' id='word_1_320' title='bbox 2349 2044 2353 2045; x_wconf 48' lang='lat'><em>⁷</em></span> 
     </span>
     <span class='ocr_line' id='line_1_29' title="bbox 315 2095 2373 2160; baseline -0.001 -13"><span class='ocrx_word' id='word_1_321' title='bbox 315 2114 434 2149; x_wconf 85' lang='lat' dir='ltr'>nexu</span> <span class='ocrx_word' id='word_1_322' title='bbox 458 2099 506 2146; x_wconf 89' lang='grc' dir='ltr'>ὅτ</span> <span class='ocrx_word' id='word_1_323' title='bbox 532 2098 577 2145; x_wconf 87' lang='grc'>111</span> <span class='ocrx_word' id='word_1_324' title='bbox 602 2097 674 2144; x_wconf 88' lang='lat' dir='ltr'>sua</span> <span class='ocrx_word' id='word_1_325' title='bbox 693 2095 841 2143; x_wconf 87' lang='lat' dir='ltr'>forma</span> <span class='ocrx_word' id='word_1_326' title='bbox 864 2106 1043 2142; x_wconf 83' lang='lat' dir='ltr'>tenetur</span> <span class='ocrx_word' id='word_1_327' title='bbox 1059 2111 1085 2142; x_wconf 89' lang='lat' dir='ltr'>a</span> <span class='ocrx_word' id='word_1_328' title='bbox 1101 2095 1240 2158; x_wconf 88' lang='lat' dir='ltr'>priori</span> <span class='ocrx_word' id='word_1_329' title='bbox 1261 2116 1275 2149; x_wconf 79' lang='lat'>3</span> <span class='ocrx_word' id='word_1_330' title='bbox 1310 2095 1475 2142; x_wconf 86' lang='lat' dir='ltr'>exinde</span> <span class='ocrx_word' id='word_1_331' title='bbox 1496 2095 1631 2142; x_wconf 90' lang='lat' dir='ltr'>etiam</span> <span class='ocrx_word' id='word_1_332' title='bbox 1657 2106 1800 2157; x_wconf 89' lang='lat' dir='ltr'>patet,</span> <span class='ocrx_word' id='word_1_333' title='bbox 1835 2096 1964 2160; x_wconf 89' lang='lat' dir='ltr'>quod</span> <span class='ocrx_word' id='word_1_334' title='bbox 1989 2096 2034 2143; x_wconf 90' lang='lat' dir='ltr'>in</span> <span class='ocrx_word' id='word_1_335' title='bbox 2058 2096 2294 2160; x_wconf 87' lang='lat' dir='ltr'>posteriori</span> <span class='ocrx_word' id='word_1_336' title='bbox 2371 2146 2373 2148; x_wconf 77' lang='grc'><strong>,</strong></span> 
     </span>
     <span class='ocr_line' id='line_1_30' title="bbox 317 2160 2293 2227; baseline -0.001 -14"><span class='ocrx_word' id='word_1_337' title='bbox 317 2166 406 2213; x_wconf 87' lang='lat' dir='ltr'>smt</span> <span class='ocrx_word' id='word_1_338' title='bbox 428 2163 584 2211; x_wconf 90' lang='lat' dir='ltr'>omnia</span> <span class='ocrx_word' id='word_1_339' title='bbox 608 2164 757 2225; x_wconf 89' lang='lat' dir='ltr'>priora</span> <span class='ocrx_word' id='word_1_340' title='bbox 773 2161 818 2207; x_wconf 93' lang='lat' dir='ltr'>in</span> <span class='ocrx_word' id='word_1_341' title='bbox 838 2160 919 2208; x_wconf 92' lang='lat' dir='ltr'>suo</span> <span class='ocrx_word' id='word_1_342' title='bbox 936 2160 1121 2215; x_wconf 78' lang='lat' dir='ltr'>ordine3</span> <span class='ocrx_word' id='word_1_343' title='bbox 1154 2161 1355 2208; x_wconf 87' lang='lat' dir='ltr'>fimiliter</span> <span class='ocrx_word' id='word_1_344' title='bbox 1371 2163 1410 2208; x_wconf 82' lang='lat' dir='ltr'>le</span> <span class='ocrx_word' id='word_1_345' title='bbox 1428 2160 1563 2208; x_wconf 88' lang='lat' dir='ltr'>habet</span> <span class='ocrx_word' id='word_1_346' title='bbox 1583 2175 1692 2208; x_wconf 91' lang='lat' dir='ltr'>cum</span> <span class='ocrx_word' id='word_1_347' title='bbox 1711 2161 1863 2208; x_wconf 87' lang='lat' dir='ltr'>modis</span> <span class='ocrx_word' id='word_1_348' title='bbox 1885 2161 1936 2209; x_wconf 90' lang='grc' dir='ltr'>ὅτ</span> <span class='ocrx_word' id='word_1_349' title='bbox 1959 2162 2148 2219; x_wconf 90' lang='lat' dir='ltr'>viribus,</span> <span class='ocrx_word' id='word_1_350' title='bbox 2186 2178 2293 2227; x_wconf 83' lang='lat' dir='ltr'>quae</span> 
     </span>
     <span class='ocr_line' id='line_1_31' title="bbox 317 2226 2294 2291; baseline -0.001 -12"><span class='ocrx_word' id='word_1_351' title='bbox 317 2231 377 2283; x_wconf 82' lang='lat' dir='ltr'>ab</span> <span class='ocrx_word' id='word_1_352' title='bbox 400 2231 488 2278; x_wconf 92' lang='lat' dir='ltr'>illis</span> <span class='ocrx_word' id='word_1_353' title='bbox 509 2241 560 2277; x_wconf 88' lang='lat' dir='ltr'>ut</span> <span class='ocrx_word' id='word_1_354' title='bbox 582 2227 833 2279; x_wconf 88' lang='lat' dir='ltr'>substantiis</span> <span class='ocrx_word' id='word_1_355' title='bbox 857 2227 1109 2291; x_wconf 90' lang='lat' dir='ltr'>procedunt</span> <span class='ocrx_word' id='word_1_356' title='bbox 1129 2247 1143 2282; x_wconf 63' lang='grc' dir='ltr'><strong>ς</strong></span> <span class='ocrx_word' id='word_1_357' title='bbox 1182 2227 1242 2274; x_wconf 87' lang='grc'>113</span> <span class='ocrx_word' id='word_1_358' title='bbox 1268 2227 1308 2274; x_wconf 87' lang='lat' dir='ltr'>se</span> <span class='ocrx_word' id='word_1_359' title='bbox 1332 2227 1465 2275; x_wconf 90' lang='lat' dir='ltr'>habet</span> <span class='ocrx_word' id='word_1_360' title='bbox 1485 2243 1592 2274; x_wconf 91' lang='lat' dir='ltr'>cum</span> <span class='ocrx_word' id='word_1_361' title='bbox 1618 2226 1902 2274; x_wconf 87' lang='lat' dir='ltr'>interioribus</span> <span class='ocrx_word' id='word_1_362' title='bbox 1925 2228 1976 2275; x_wconf 88' lang='grc' dir='ltr'>ὅτ</span> <span class='ocrx_word' id='word_1_363' title='bbox 1998 2228 2294 2277; x_wconf 87' lang='lat' dir='ltr'>exterioribus</span> 
     </span>
     <span class='ocr_line' id='line_1_32' title="bbox 314 2292 2294 2360; baseline -0.003 -14"><span class='ocrx_word' id='word_1_364' title='bbox 314 2296 443 2360; x_wconf 84' lang='lat' dir='ltr'>apud</span> <span class='ocrx_word' id='word_1_365' title='bbox 477 2295 734 2350; x_wconf 88' lang='lat' dir='ltr'>hominem,</span> <span class='ocrx_word' id='word_1_366' title='bbox 791 2294 1039 2357; x_wconf 86' lang='lat' dir='ltr'>&amp;quoque</span> <span class='ocrx_word' id='word_1_367' title='bbox 1060 2307 1166 2340; x_wconf 92' lang='lat' dir='ltr'>cum</span> <span class='ocrx_word' id='word_1_368' title='bbox 1191 2292 1276 2341; x_wconf 92' lang='lat' dir='ltr'>illis</span> <span class='ocrx_word' id='word_1_369' title='bbox 1297 2310 1406 2357; x_wconf 89' lang='lat' dir='ltr'>quae</span> <span class='ocrx_word' id='word_1_370' title='bbox 1439 2293 1539 2340; x_wconf 89' lang='lat' dir='ltr'>sunt</span> <span class='ocrx_word' id='word_1_371' title='bbox 1562 2292 1672 2339; x_wconf 86' lang='lat' dir='ltr'>vitae</span> <span class='ocrx_word' id='word_1_372' title='bbox 1694 2293 1816 2356; x_wconf 91' lang='lat' dir='ltr'>apud</span> <span class='ocrx_word' id='word_1_373' title='bbox 1851 2293 1994 2344; x_wconf 88' lang='lat' dir='ltr'>illum.</span> <span class='ocrx_word' id='word_1_374' title='bbox 2081 2295 2175 2359; x_wconf 81' lang='lat' dir='ltr'>Qi</span> <span class='ocrx_word' id='word_1_375' title='bbox 2201 2310 2294 2342; x_wconf 87' lang='lat' dir='ltr'>non</span> 
     </span>
     <span class='ocr_line' id='line_1_33' title="bbox 318 2358 2293 2425; baseline -0.001 -15"><span class='ocrx_word' id='word_1_376' title='bbox 318 2362 523 2425; x_wconf 85' lang='lat' dir='ltr'>concipit</span> <span class='ocrx_word' id='word_1_377' title='bbox 547 2360 755 2409; x_wconf 86' lang='lat' dir='ltr'>interiora</span> <span class='ocrx_word' id='word_1_378' title='bbox 777 2360 828 2407; x_wconf 90' lang='grc' dir='ltr'>ὅτ</span> <span class='ocrx_word' id='word_1_379' title='bbox 850 2360 1070 2406; x_wconf 87' lang='lat' dir='ltr'>exteriora</span> <span class='ocrx_word' id='word_1_380' title='bbox 1094 2359 1140 2406; x_wconf 91' lang='lat' dir='ltr'>in</span> <span class='ocrx_word' id='word_1_381' title='bbox 1166 2358 1354 2407; x_wconf 88' lang='lat' dir='ltr'>homine</span> <span class='ocrx_word' id='word_1_382' title='bbox 1378 2359 1628 2408; x_wconf 87' lang='lat' dir='ltr'>secundum</span> <span class='ocrx_word' id='word_1_383' title='bbox 1653 2359 1760 2407; x_wconf 90' lang='lat' dir='ltr'>tales</span> <span class='ocrx_word' id='word_1_384' title='bbox 1785 2358 2091 2416; x_wconf 79' lang='lat' dir='ltr'>formationeS,</span> <span class='ocrx_word' id='word_1_385' title='bbox 2143 2363 2293 2409; x_wconf 90' lang='lat' dir='ltr'>neuti-</span> 
     </span>
     <span class='ocr_line' id='line_1_34' title="bbox 302 2423 2296 2493; baseline 0.001 -20"><span class='ocrx_word' id='word_1_386' title='bbox 302 2444 462 2493; x_wconf 86' lang='lat' dir='ltr'>quam</span> <span class='ocrx_word' id='word_1_387' title='bbox 489 2427 635 2491; x_wconf 90' lang='lat' dir='ltr'>potest</span> <span class='ocrx_word' id='word_1_388' title='bbox 672 2426 823 2473; x_wconf 91' lang='lat' dir='ltr'>ideam</span> <span class='ocrx_word' id='word_1_389' title='bbox 849 2426 1011 2472; x_wconf 90' lang='lat' dir='ltr'>habere</span> <span class='ocrx_word' id='word_1_390' title='bbox 1032 2424 1089 2470; x_wconf 90' lang='lat' dir='ltr'>de</span> <span class='ocrx_word' id='word_1_391' title='bbox 1115 2423 1302 2472; x_wconf 91' lang='lat' dir='ltr'>homine</span> <span class='ocrx_word' id='word_1_392' title='bbox 1325 2438 1512 2473; x_wconf 89' lang='lat' dir='ltr'>externo</span> <span class='ocrx_word' id='word_1_393' title='bbox 1534 2426 1580 2473; x_wconf 83' lang='grc' dir='ltr'>ὅτ</span> <span class='ocrx_word' id='word_1_394' title='bbox 1604 2427 1801 2482; x_wconf 88' lang='lat' dir='ltr'>interno,</span> <span class='ocrx_word' id='word_1_395' title='bbox 1853 2426 2000 2489; x_wconf 90' lang='lat' dir='ltr'>deque</span> <span class='ocrx_word' id='word_1_396' title='bbox 2031 2426 2206 2474; x_wconf 83' lang='lat' dir='ltr'>influxu</span> <span class='ocrx_word' id='word_1_397' title='bbox 2241 2444 2296 2475; x_wconf 89' lang='lat' dir='ltr'>u-</span> 
     </span>
     <span class='ocr_line' id='line_1_35' title="bbox 322 2489 2296 2555; baseline 0.001 -14"><span class='ocrx_word' id='word_1_398' title='bbox 322 2496 424 2541; x_wconf 91' lang='lat' dir='ltr'>nius</span> <span class='ocrx_word' id='word_1_399' title='bbox 444 2494 488 2540; x_wconf 91' lang='lat' dir='ltr'>in</span> <span class='ocrx_word' id='word_1_400' title='bbox 506 2494 699 2540; x_wconf 87' lang='lat' dir='ltr'>alterum</span> <span class='ocrx_word' id='word_1_401' title='bbox 720 2512 736 2546; x_wconf 66' lang='grc' dir='ltr'>ς</span> <span class='ocrx_word' id='word_1_402' title='bbox 775 2492 927 2540; x_wconf 88' lang='lat' dir='ltr'>minus</span> <span class='ocrx_word' id='word_1_403' title='bbox 950 2491 1008 2538; x_wconf 89' lang='lat' dir='ltr'>de</span> <span class='ocrx_word' id='word_1_404' title='bbox 1032 2489 1264 2539; x_wconf 87' lang='lat' dir='ltr'>existentia</span> <span class='ocrx_word' id='word_1_405' title='bbox 1288 2492 1338 2540; x_wconf 87' lang='grc' dir='ltr'>ὅτ</span> <span class='ocrx_word' id='word_1_406' title='bbox 1362 2492 1458 2540; x_wconf 88' lang='lat' dir='ltr'>vita</span> <span class='ocrx_word' id='word_1_407' title='bbox 1482 2491 1700 2539; x_wconf 89' lang='lat' dir='ltr'>interioris</span> <span class='ocrx_word' id='word_1_408' title='bbox 1723 2491 1922 2539; x_wconf 89' lang='lat' dir='ltr'>hominis</span> <span class='ocrx_word' id='word_1_409' title='bbox 1946 2491 2016 2539; x_wconf 91' lang='lat' dir='ltr'>seu</span> <span class='ocrx_word' id='word_1_410' title='bbox 2042 2492 2221 2555; x_wconf 89' lang='lat' dir='ltr'>spiritus</span> <span class='ocrx_word' id='word_1_411' title='bbox 2246 2495 2296 2542; x_wconf 88' lang='grc' dir='ltr'>ὅτ</span> 
     </span>
     <span class='ocr_line' id='line_1_36' title="bbox 323 2557 2295 2623; baseline 0 -16"><span class='ocrx_word' id='word_1_412' title='bbox 323 2560 383 2607; x_wconf 88' lang='lat' dir='ltr'>de</span> <span class='ocrx_word' id='word_1_413' title='bbox 407 2558 499 2623; x_wconf 89' lang='lat' dir='ltr'>ejus</span> <span class='ocrx_word' id='word_1_414' title='bbox 522 2559 661 2623; x_wconf 89' lang='lat' dir='ltr'>quali,</span> <span class='ocrx_word' id='word_1_415' title='bbox 696 2573 805 2605; x_wconf 91' lang='lat' dir='ltr'>cum</span> <span class='ocrx_word' id='word_1_416' title='bbox 828 2569 1083 2614; x_wconf 90' lang='lat' dir='ltr'>externum,</span> <span class='ocrx_word' id='word_1_417' title='bbox 1117 2557 1244 2619; x_wconf 91' lang='lat' dir='ltr'>quod</span> <span class='ocrx_word' id='word_1_418' title='bbox 1267 2573 1557 2621; x_wconf 91' lang='lat' dir='ltr'>corporeum,</span> <span class='ocrx_word' id='word_1_419' title='bbox 1593 2573 1673 2621; x_wconf 92' lang='lat' dir='ltr'>per</span> <span class='ocrx_word' id='word_1_420' title='bbox 1696 2570 1895 2605; x_wconf 88' lang='lat' dir='ltr'>mortem</span> <span class='ocrx_word' id='word_1_421' title='bbox 1919 2557 2167 2622; x_wconf 68' lang='lat' dir='ltr'>separatur,</span> <span class='ocrx_word' id='word_1_422' title='bbox 2211 2559 2295 2622; x_wconf 89' lang='lat' dir='ltr'>qui</span> 
     </span>
     <span class='ocr_line' id='line_1_37' title="bbox 326 2622 2291 2688; baseline 0 -16"><span class='ocrx_word' id='word_1_423' title='bbox 326 2625 528 2688; x_wconf 89' lang='lat' dir='ltr'>concipit</span> <span class='ocrx_word' id='word_1_424' title='bbox 550 2625 770 2672; x_wconf 86' lang='lat' dir='ltr'>exteriora</span> <span class='ocrx_word' id='word_1_425' title='bbox 793 2625 842 2671; x_wconf 84' lang='grc' dir='ltr'>ὅτ</span> <span class='ocrx_word' id='word_1_426' title='bbox 867 2622 1074 2670; x_wconf 89' lang='lat' dir='ltr'>interiora</span> <span class='ocrx_word' id='word_1_427' title='bbox 1098 2622 1207 2672; x_wconf 87' lang='lat' dir='ltr'>ficut</span> <span class='ocrx_word' id='word_1_428' title='bbox 1229 2625 1445 2671; x_wconf 89' lang='lat' dir='ltr'>continue</span> <span class='ocrx_word' id='word_1_429' title='bbox 1479 2624 1673 2687; x_wconf 89' lang='lat' dir='ltr'>puriora,</span> <span class='ocrx_word' id='word_1_430' title='bbox 1724 2625 1774 2671; x_wconf 87' lang='grc' dir='ltr'>ὅτ</span> <span class='ocrx_word' id='word_1_431' title='bbox 1806 2623 1876 2685; x_wconf 54' lang='grc'><strong>1111</strong></span> <span class='ocrx_word' id='word_1_432' title='bbox 1900 2639 1981 2687; x_wconf 90' lang='lat' dir='ltr'>per</span> <span class='ocrx_word' id='word_1_433' title='bbox 2015 2624 2291 2672; x_wconf 87' lang='lat' dir='ltr'>continuum</span> 
     </span>
     <span class='ocr_line' id='line_1_38' title="bbox 326 2687 2292 2754; baseline 0 -16"><span class='ocrx_word' id='word_1_434' title='bbox 326 2690 613 2747; x_wconf 86' lang='lat' dir='ltr'>cohaerentia,</span> <span class='ocrx_word' id='word_1_435' title='bbox 651 2690 709 2738; x_wconf 91' lang='lat' dir='ltr'>ita</span> <span class='ocrx_word' id='word_1_436' title='bbox 738 2688 902 2753; x_wconf 90' lang='lat' dir='ltr'>absque</span> <span class='ocrx_word' id='word_1_437' title='bbox 925 2687 1214 2736; x_wconf 73' lang='lat' dir='ltr'>distinffione</span> <span class='ocrx_word' id='word_1_438' title='bbox 1239 2705 1320 2753; x_wconf 90' lang='lat' dir='ltr'>per</span> <span class='ocrx_word' id='word_1_439' title='bbox 1343 2688 1639 2737; x_wconf 86' lang='lat' dir='ltr'>formationes</span> <span class='ocrx_word' id='word_1_440' title='bbox 1664 2689 1967 2753; x_wconf 86' lang='lat' dir='ltr'>posteriorum</span> <span class='ocrx_word' id='word_1_441' title='bbox 2006 2706 2029 2737; x_wconf 90' lang='lat' dir='ltr'>a</span> <span class='ocrx_word' id='word_1_442' title='bbox 2053 2690 2292 2754; x_wconf 82' lang='lat' dir='ltr'>prioribus,</span> 
     </span>
     <span class='ocr_line' id='line_1_39' title="bbox 335 2755 2298 2820; baseline -0.001 -17"><span class='ocrx_word' id='word_1_443' title='bbox 335 2756 373 2804; x_wconf 90' lang='lat' dir='ltr'>is</span> <span class='ocrx_word' id='word_1_444' title='bbox 412 2772 504 2804; x_wconf 92' lang='lat' dir='ltr'>non</span> <span class='ocrx_word' id='word_1_445' title='bbox 555 2755 698 2820; x_wconf 90' lang='lat' dir='ltr'>potest</span> <span class='ocrx_word' id='word_1_446' title='bbox 737 2755 863 2804; x_wconf 89' lang='lat' dir='ltr'>aliter</span> <span class='ocrx_word' id='word_1_447' title='bbox 906 2770 1082 2818; x_wconf 90' lang='lat' dir='ltr'>capere,</span> <span class='ocrx_word' id='word_1_448' title='bbox 1138 2771 1281 2819; x_wconf 90' lang='lat' dir='ltr'>quam</span> <span class='ocrx_word' id='word_1_449' title='bbox 1324 2771 1433 2804; x_wconf 92' lang='lat' dir='ltr'>cum</span> <span class='ocrx_word' id='word_1_450' title='bbox 1475 2756 1664 2803; x_wconf 86' lang='lat' dir='ltr'>moritur</span> <span class='ocrx_word' id='word_1_451' title='bbox 1707 2768 1944 2803; x_wconf 89' lang='lat' dir='ltr'>externum</span> <span class='ocrx_word' id='word_1_452' title='bbox 1991 2756 2206 2804; x_wconf 88' lang='lat' dir='ltr'>moriatur</span> <span class='ocrx_word' id='word_1_453' title='bbox 2249 2771 2298 2802; x_wconf 88' lang='lat' dir='ltr'>e-</span> 
     </span>
     <span class='ocr_line' id='line_1_40' title="bbox 332 2821 2294 2885; baseline -0.002 -16"><span class='ocrx_word' id='word_1_454' title='bbox 332 2823 447 2870; x_wconf 88' lang='lat' dir='ltr'>tiam</span> <span class='ocrx_word' id='word_1_455' title='bbox 490 2822 738 2877; x_wconf 89' lang='lat' dir='ltr'>internum,</span> <span class='ocrx_word' id='word_1_456' title='bbox 819 2836 925 2868; x_wconf 90' lang='lat' dir='ltr'>narn</span> <span class='ocrx_word' id='word_1_457' title='bbox 970 2821 1146 2882; x_wconf 87' lang='lat' dir='ltr'>cogitat</span> <span class='ocrx_word' id='word_1_458' title='bbox 1191 2821 1320 2884; x_wconf 93' lang='lat' dir='ltr'>quod</span> <span class='ocrx_word' id='word_1_459' title='bbox 1378 2821 1653 2878; x_wconf 87' lang='lat' dir='ltr'>cohaereant,</span> <span class='ocrx_word' id='word_1_460' title='bbox 1722 2822 1772 2869; x_wconf 86' lang='lat'>&amp;</span> <span class='ocrx_word' id='word_1_461' title='bbox 1819 2833 2006 2885; x_wconf 90' lang='lat' dir='ltr'>propter</span> <span class='ocrx_word' id='word_1_462' title='bbox 2061 2821 2294 2870; x_wconf 90' lang='lat' dir='ltr'>cohaeren-</span> 
     </span>
     <span class='ocr_line' id='line_1_41' title="bbox 333 2885 2298 2952; baseline 0.001 -17"><span class='ocrx_word' id='word_1_463' title='bbox 333 2888 445 2935; x_wconf 88' lang='lat' dir='ltr'>tiam</span> <span class='ocrx_word' id='word_1_464' title='bbox 471 2889 517 2933; x_wconf 87' lang='grc' dir='ltr'>ὅτ</span> <span class='ocrx_word' id='word_1_465' title='bbox 542 2885 905 2943; x_wconf 90' lang='lat' dir='ltr'>continuitatem,</span> <span class='ocrx_word' id='word_1_466' title='bbox 957 2887 1178 2934; x_wconf 90' lang='lat' dir='ltr'>moriente</span> <span class='ocrx_word' id='word_1_467' title='bbox 1209 2903 1304 2935; x_wconf 91' lang='lat' dir='ltr'>uno</span> <span class='ocrx_word' id='word_1_468' title='bbox 1343 2888 1558 2936; x_wconf 89' lang='lat' dir='ltr'>moriatur</span> <span class='ocrx_word' id='word_1_469' title='bbox 1593 2887 1803 2943; x_wconf 90' lang='lat' dir='ltr'>alterum,</span> <span class='ocrx_word' id='word_1_470' title='bbox 1837 2889 1943 2952; x_wconf 90' lang='lat' dir='ltr'>quia</span> <span class='ocrx_word' id='word_1_471' title='bbox 1975 2902 2121 2935; x_wconf 87' lang='lat' dir='ltr'>unum</span> <span class='ocrx_word' id='word_1_472' title='bbox 2162 2886 2298 2937; x_wconf 89' lang='lat' dir='ltr'>trahit</span> 
     </span>
     <span class='ocr_line' id='line_1_42' title="bbox 335 2950 2293 3018; baseline 0.002 -19"><span class='ocrx_word' id='word_1_473' title='bbox 335 2953 530 3001; x_wconf 88' lang='lat' dir='ltr'>alterum</span> <span class='ocrx_word' id='word_1_474' title='bbox 555 2953 719 3002; x_wconf 89' lang='lat' dir='ltr'>secum.</span> <span class='ocrx_word' id='word_1_475' title='bbox 790 2953 914 3000; x_wconf 88' lang='lat' dir='ltr'>Haec</span> <span class='ocrx_word' id='word_1_476' title='bbox 936 2952 1060 3000; x_wconf 67' lang='lat' dir='ltr'>dieta</span> <span class='ocrx_word' id='word_1_477' title='bbox 1099 2953 1216 3009; x_wconf 90' lang='lat' dir='ltr'>sunt,</span> <span class='ocrx_word' id='word_1_478' title='bbox 1252 2966 1303 3001; x_wconf 91' lang='lat' dir='ltr'>ut</span> <span class='ocrx_word' id='word_1_479' title='bbox 1338 2953 1499 3001; x_wconf 89' lang='lat' dir='ltr'>sciatur</span> <span class='ocrx_word' id='word_1_480' title='bbox 1531 2953 1658 3018; x_wconf 91' lang='lat' dir='ltr'>quod</span> <span class='ocrx_word' id='word_1_481' title='bbox 1692 2953 1928 3002; x_wconf 90' lang='lat' dir='ltr'>Internum</span> <span class='ocrx_word' id='word_1_482' title='bbox 1964 2954 2015 3001; x_wconf 90' lang='grc' dir='ltr'>ὅτ</span> <span class='ocrx_word' id='word_1_483' title='bbox 2038 2950 2293 3003; x_wconf 87' lang='lat' dir='ltr'>Externum</span> 
     </span>
     <span class='ocr_line' id='line_1_43' title="bbox 335 3016 2296 3082; baseline -0.002 -15"><span class='ocrx_word' id='word_1_484' title='bbox 335 3020 453 3067; x_wconf 90' lang='lat' dir='ltr'>inter</span> <span class='ocrx_word' id='word_1_485' title='bbox 476 3018 518 3065; x_wconf 94' lang='lat' dir='ltr'>se</span> <span class='ocrx_word' id='word_1_486' title='bbox 541 3018 893 3073; x_wconf 55' lang='lat' dir='ltr'>distinerafinu</span> <span class='ocrx_word' id='word_1_487' title='bbox 927 3019 978 3066; x_wconf 87' lang='lat'>&amp;</span> <span class='ocrx_word' id='word_1_488' title='bbox 1000 3018 1126 3082; x_wconf 90' lang='lat' dir='ltr'>quod</span> <span class='ocrx_word' id='word_1_489' title='bbox 1162 3019 1373 3069; x_wconf 88' lang='lat' dir='ltr'>Interiora</span> <span class='ocrx_word' id='word_1_490' title='bbox 1395 3020 1445 3067; x_wconf 92' lang='grc' dir='ltr'>ὅτ</span> <span class='ocrx_word' id='word_1_491' title='bbox 1471 3018 1711 3068; x_wconf 84' lang='lat' dir='ltr'>Exteriora</span> <span class='ocrx_word' id='word_1_492' title='bbox 1747 3018 1905 3067; x_wconf 89' lang='lat' dir='ltr'>ordine</span> <span class='ocrx_word' id='word_1_493' title='bbox 1939 3016 2208 3072; x_wconf 87' lang='lat' dir='ltr'>succedant;</span> <span class='ocrx_word' id='word_1_494' title='bbox 2245 3023 2296 3070; x_wconf 62' lang='grc' dir='ltr'>ὃς</span> 
     </span>
     <span class='ocr_line' id='line_1_44' title="bbox 335 3082 2295 3149; baseline 0.002 -18"><span class='ocrx_word' id='word_1_495' title='bbox 335 3099 518 3149; x_wconf 88' lang='lat' dir='ltr'>quoque</span> <span class='ocrx_word' id='word_1_496' title='bbox 536 3084 658 3147; x_wconf 90' lang='lat' dir='ltr'>quod</span> <span class='ocrx_word' id='word_1_497' title='bbox 676 3085 830 3131; x_wconf 86' lang='lat' dir='ltr'>omnia</span> <span class='ocrx_word' id='word_1_498' title='bbox 849 3083 1064 3131; x_wconf 90' lang='lat' dir='ltr'>Interiora</span> <span class='ocrx_word' id='word_1_499' title='bbox 1088 3084 1224 3134; x_wconf 87' lang='lat' dir='ltr'>etiam</span> <span class='ocrx_word' id='word_1_500' title='bbox 1243 3085 1378 3134; x_wconf 81' lang='lat' dir='ltr'>simul</span> <span class='ocrx_word' id='word_1_501' title='bbox 1392 3085 1477 3134; x_wconf 86' lang='lat' dir='ltr'>lint</span> <span class='ocrx_word' id='word_1_502' title='bbox 1492 3086 1538 3132; x_wconf 92' lang='lat' dir='ltr'>in</span> <span class='ocrx_word' id='word_1_503' title='bbox 1555 3084 1888 3142; x_wconf 87' lang='lat' dir='ltr'>Exterioribus‚</span> <span class='ocrx_word' id='word_1_504' title='bbox 1914 3083 1988 3132; x_wconf 89' lang='lat' dir='ltr'>seu</span> <span class='ocrx_word' id='word_1_505' title='bbox 2007 3082 2132 3146; x_wconf 87' lang='lat' dir='ltr'>quod</span> <span class='ocrx_word' id='word_1_506' title='bbox 2151 3084 2295 3144; x_wconf 89' lang='lat' dir='ltr'>idern,</span> 
     </span>
     <span class='ocr_line' id='line_1_45' title="bbox 334 3148 2301 3262; baseline 0.003 -64"><span class='ocrx_word' id='word_1_507' title='bbox 334 3149 660 3262; x_wconf 77' lang='lat' dir='ltr'>omniastpriora</span> <span class='ocrx_word' id='word_1_508' title='bbox 682 3151 728 3198; x_wconf 89' lang='lat' dir='ltr'>in</span> <span class='ocrx_word' id='word_1_509' title='bbox 751 3149 1090 3215; x_wconf 84' lang='lat' dir='ltr'>posterioribus,</span> <span class='ocrx_word' id='word_1_510' title='bbox 1125 3151 1183 3201; x_wconf 89' lang='lat' dir='ltr'>de</span> <span class='ocrx_word' id='word_1_511' title='bbox 1203 3167 1298 3217; x_wconf 86' lang='lat' dir='ltr'>qua</span> <span class='ocrx_word' id='word_1_512' title='bbox 1320 3167 1366 3202; x_wconf 90' lang='lat' dir='ltr'>re</span> <span class='ocrx_word' id='word_1_513' title='bbox 1389 3151 1437 3200; x_wconf 90' lang='lat' dir='ltr'>in</span> <span class='ocrx_word' id='word_1_514' title='bbox 1460 3151 1530 3201; x_wconf 87' lang='lat' dir='ltr'>his</span> <span class='ocrx_word' id='word_1_515' title='bbox 1554 3150 1770 3203; x_wconf 72' lang='lat' dir='ltr'>Versibus</span> <span class='ocrx_word' id='word_1_516' title='bbox 1791 3150 1841 3199; x_wconf 91' lang='lat' dir='ltr'>in</span> <span class='ocrx_word' id='word_1_517' title='bbox 1862 3148 1988 3199; x_wconf 89' lang='lat' dir='ltr'>sensu</span> <span class='ocrx_word' id='word_1_518' title='bbox 2012 3148 2191 3198; x_wconf 83' lang='lat' dir='ltr'>interno</span> <span class='ocrx_word' id='word_1_519' title='bbox 2228 3168 2301 3216; x_wconf 46' lang='lat' dir='ltr'>ac&lt;</span> 
     </span>
     <span class='ocr_line' id='line_1_46' title="bbox 337 3223 2269 3265; baseline -0.002 0"><span class='ocrx_word' id='word_1_520' title='bbox 337 3226 440 3265; x_wconf 77' lang='lat' dir='ltr'>tum</span> <span class='ocrx_word' id='word_1_521' title='bbox 462 3229 486 3263; x_wconf 80' lang='lat' dir='ltr'><strong>e</strong></span> <span class='ocrx_word' id='word_1_522' title='bbox 527 3251 540 3263; x_wconf 86' lang='lat'><strong><em>.</em></strong></span> <span class='ocrx_word' id='word_1_523' title='bbox 2262 3223 2269 3228; x_wconf 86' lang='lat'>&#39;</span> 
     </span>
    </p>
   </div>
   <div class='ocr_carea' id='block_1_3' title="bbox 2139 3283 2298 3350">
    <p class='ocr_par' dir='ltr' id='par_1_5' title="bbox 2139 3283 2298 3350">
     <span class='ocr_line' id='line_1_47' title="bbox 2139 3283 2298 3350; baseline 0.013 -18"><span class='ocrx_word' id='word_1_524' title='bbox 2139 3283 2298 3350; x_wconf 70' lang='lat' dir='ltr'>Conti-⁴</span> 
     </span>
    </p>
   </div>
   <div class='ocr_carea' id='block_1_4' title="bbox 1204 3318 1219 3356">
    <p class='ocr_par' dir='ltr' id='par_1_6' title="bbox 1204 3318 1219 3356">
     <span class='ocr_line' id='line_1_48' title="bbox 1204 3318 1219 3356; baseline 0 0"><span class='ocrx_word' id='word_1_525' title='bbox 1204 3318 1219 3356; x_wconf 64' lang='lat' dir='ltr'>j</span> 
     </span>
    </p>
   </div>
  </div>
 </body>
</html>
