2566 3640
279 222 597 295 CAPUT
610 212 1465 308 .Q.UADRAGES,1MUM
1487 217 2009 293 SEPTIMUM.
2090 224 2231 308 ,365

244 363 384 406 tuunt
404 343 628 404 mentem,
680 355 782 392 tum
806 355 997 391 ex⁷vero
1020 336 1129 402 fidei
1152 339 1211 387 δι’
1226 337 1348 387 bono
1370 338 1614 404 charitatis,
1660 355 1770 406 quae
1792 341 2074 391 constituunt
2098 361 2231 394 men-
2291 350 2300 356 ’

243 413 339 478 tem
361 404 824 464 adhucin'teriorem3
864 406 977 463 haee,
1013 421 1183 469 nempe
1208 421 1352 467 menS,
1390 423 1499 455 cum
1524 407 1586 455 est
1609 409 1655 455 in
1680 409 1884 470 genuino
1907 408 2034 457 sensu
2058 412 2218 463 homo,

239 476 489 549 nutritur&
504 469 776 528 sustentatur
791 491 816 523 a
831 488 942 522 vero
958 474 1008 522 &
1026 472 1150 520 bono
1170 491 1186 527 ς
1224 473 1275 538 ὃς
1288 474 1395 538 quia
1409 489 1571 536 verum
1594 475 1644 523 δι
1666 475 1841 522 bonum
1863 491 1942 539 per
1961 475 2111 523 semen
2132 479 2219 540 fig-

237 537 492 606 afflantur,
526 545 666 592 etiam
692 558 773 607 per
797 539 911 589 illud
930 538 1444 605 fignificatur‘nutritim
1481 541 1608 607 quod
1627 542 1765 590 etiam
1788 554 1913 604 patet
1929 542 1987 589 ab
2007 542 2091 591 illis
2109 560 2219 607 quae

235 611 347 672 mox
383 607 634 681 sequuntur
671 616 706 640 “
730 606 811 659 Ad
845 607 1005 674 cibum
1045 605 1262 675 vestrum„
1309 607 1360 657 δε
1396 606 1485 672 illis
1515 607 1810 669 indomibus
1839 607 2021 671 τνεςίὶτίε,
2068 611 2118 657 δε
2157 611 2216 657 ad

207 672 701 731 cibum'in'fantibu's'
724 672 915 723 vestris':
941 671 974 693 '³
1017 670 1123 722 inde
1144 686 1279 742 'nunc
1313 672 1397 732 est,
1446 673 1576 739 quod
1611 674 1765 723 semen
1803 675 1899 738 agri
1940 676 1995 724 fit
2031 678 2219 726 nutritio

237 760 422 800 mentis.
495 770 501 774 ·
955 767 959 770 ·
1104 764 1107 768 ·
1222 794 1225 801 ,
1279 798 1286 802 ¹
1590 795 1591 798 Ἴ
2005 794 2010 798 ,
2141 785 2148 793 ,

245 806 253 858 ἶ
280 800 446 876 v6i59.
482 810 548 860 Et
564 810 620 859 ad
642 809 799 859 cibum
818 806 1036 862 vestrum,
1078 805 1130 854 &
1149 805 1238 853 illis
1255 805 1306 853 in
1318 802 1538 855 domibus
1559 807 1731 864 vestriS,
1768 808 1895 873 quod
1917 807 2140 869 fignificet
2164 822 2216 857 ut

230 875 339 929 inde
362 879 457 927 veri
482 879 660 927 bonum
677 876 733 924 ‚in
753 875 970 926 omnibus
991 873 1041 922 δε
1065 870 1270 935 fingulis,
1308 871 1482 932 constat
1503 888 1560 926 ex
1578 873 1915 936 ‘significatione'
1943 877 2049 932 cibi,
2086 877 2216 938 quod

230 946 339 1002 cibi,
363 943 501 1010 ,quod
525 943 579 990 fit
602 941 696 990 veri
718 938 911 996 bonum,
945 938 1004 985 de
1027 953 1119 1002 qua
1139 953 1197 984 n:
1224 953 1370 998 5410.
1389 939 1535 1005 54²,6-
1558 943 1703 1004 5487'.
1725 945 1870 1002 5582.
1894 944 2038 1003 5588.
2061 943 2210 1002 5635,

230 1013 282 1061 ὅτ
305 1028 363 1059 ex
387 1008 709 1074 significatione
734 1007 918 1054 illorum
941 1004 1024 1069 qui
1050 1006 1094 1052 in
1117 1001 1354 1062 domibus,
1389 1005 1513 1068 quod
1551 1006 1637 1054 sint
1659 1009 1811 1067 omnia
1837 1007 1886 1054 &
1910 1007 2082 1068 lingula
2107 1009 2214 1056 boni

230 1095 289 1127 ex
312 1092 420 1125 vero
444 1098 457 1130 ·,
494 1075 552 1123 ita
591 1073 649 1122 ad
682 1073 840 1121 cibum
864 1072 1020 1120 illis‘in
1044 1070 1276 1128 domibus,
1311 1069 1375 1118 est
1409 1073 1503 1118 veri
1537 1073 1712 1120 bonum
1740 1073 1783 1121 in
1807 1076 2023 1121 omnibus
2055 1076 2102 1122 ὅτ.
2127 1075 2214 1121 fin-

229 1144 367 1210 gulis,
427 1143 564 1192 ‚Cum
589 1142 692 1198 hoc,
728 1139 855 1205 quod
879 1137 974 1186 veri
1000 1138 1174 1186 bonum
1201 1136 1255 1187 fit
1278 1137 1324 1184 in
1348 1138 1566 1186 omnibus
1585 1141 1636 1188 &
1659 1139 1859 1203 fingulis,
1897 1141 1956 1188 ita
1980 1140 2020 1194 se
2041 1140 2175 1188 habet
2197 1162 2212 1195 ;

230 1210 393 1268 h'om0,
429 1209 542 1258 ficut
564 1220 867 1272 regeneratur,
903 1205 962 1253 ita
987 1205 1164 1252 bonum
1196 1201 1240 1250 se
1273 1201 1468 1252 infinuat
1490 1204 1536 1252 in
1561 1205 1716 1254 omnia
1738 1208 1789 1255 ὅτ
1814 1206 1988 1271 singula
2011 1205 2122 1272 ejm,
2159 1209 2215 1254 fit

230 1277 355 1325 enim
378 1272 562 1324 affectio
585 1275 695 1322 boni
717 1272 968 1321 universale
990 1286 1185 1333 regnans
1208 1270 1330 1335 apud
1350 1270 1504 1327 illum,
1533 1271 1587 1320 δι
1623 1273 1750 1338 quod
1775 1274 2079 1322 universaliter
2112 1289 2214 1335 reg-

230 1358 324 1400 nat,
378 1343 466 1390 hoc
507 1355 661 1403 regnat
699 1338 995 1402 singulariter,
1031 1338 1118 1384 hoc
1141 1337 1222 1392 est,
1258 1338 1304 1384 in
1330 1338 1544 1389 omnibus
1566 1340 1613 1388 &
1638 1338 1846 1402 fingulis:
1887 1340 1975 1388 hoe
2009 1340 2214 1388 constare

229 1409 378 1473 potest
400 1409 458 1456 ab
479 1407 720 1468 affectione
743 1406 1011 1453 dominante
1044 1403 1167 1468 apud
1195 1405 1574 1468 unumquemvis,
1611 1422 1663 1454 ea
1686 1405 1884 1464 affectio,
1922 1423 2210 1471 quaecunque

227 1472 296 1530 fit,
332 1476 378 1522 in
397 1474 584 1538 singulis
600 1472 694 1540 ejus
711 1471 952 1520 voluntatis
970 1469 1108 1526 adest,
1143 1470 1283 1518 etiam
1303 1471 1348 1518 in
1367 1471 1552 1535 lingulis
1574 1471 1862 1535 cogitationis
1882 1494 1896 1527 ·,
1930 1475 1981 1521 δε
1999 1474 2210 1538 quamvis

226 1558 321 1590 non
346 1534 519 1605 semper
539 1539 587 1587 in
610 1538 887 1602 cogitatione
915 1536 1060 1584 adesse
1082 1542 1289 1599 apparet,
1325 1536 1466 1600 usque
1490 1550 1638 1584 tamen
1662 1538 1726 1586 est
1751 1539 1795 1585 in
1821 1539 1928 1594 illa;
1963 1539 2089 1604 quod
2115 1556 2208 1587 non

228 1620 454 1675 appareat,
506 1605 588 1664 est,
641 1605 745 1670 quia
770 1602 1128 1651 illis-momentis
1163 1601 1369 1649 induitur
1403 1602 1737 1661 affectionibus,
1774 1621 1879 1669 quae
1916 1605 1995 1669 per
2030 1603 2211 1667 objecta

228 1671 523 1730 infinuantur,
559 1687 670 1736 quae
702 1668 964 1718 affectiones
1001 1681 1137 1733 prout
1171 1680 1418 1726 exuuntur,
1454 1668 1512 1716 ita
1546 1669 1589 1717 se
1613 1670 1795 1718 affeciio
1834 1672 2073 1720 dominans
2099 1673 2208 1720 sistit

148 1786 154 1787 a
224 1740 542 1803 conspicuam:
579 1739 667 1786 hoc
708 1753 799 1784 non
841 1735 1003 1789 melius
1040 1735 1237 1784 constare
1269 1737 1433 1798 potest,
1470 1753 1607 1800 quam
1631 1754 1656 1784 a
1680 1737 1904 1801 spiritibus
1928 1740 1977 1787 δε
2000 1739 2174 1801 angelis
2194 1761 2210 1794 ·,

226 1807 406 1871 spiritus
428 1807 510 1869 qui
536 1803 660 1860 mali,
697 1802 769 1850 seu
810 1801 930 1865 apud
966 1816 1082 1865 quos
1116 1800 1288 1854 malum
1330 1801 1606 1859 dominatur,
1645 1804 1690 1850 in
1715 1805 1929 1852 omnibus
1952 1807 2002 1853 &
2030 1806 2212 1867 singulis

212 1873 330 1921 'sunt
349 1872 454 1920 mali
477 1893 492 1925 ς
528 1869 664 1933 etiam
688 1885 796 1917 curn
820 1884 982 1915 verum
1008 1868 1263 1931 loquuntur
1287 1868 1336 1915 δε
1361 1867 1535 1915 bonum
1560 1869 1722 1932 agunt,
1759 1886 1866 1918 nam
1892 1887 1971 1933 per
1998 1872 2094 1920 haec
2116 1891 2209 1920 non

226 1932 471 1988 intendunt
492 1935 613 1986 aliud
638 1951 780 2000 quam
814 1934 1021 1998 decipere
1054 1934 1182 1989 alios,
1221 1946 1268 1981 ut
1290 1933 1473 1984 credant
1497 1935 1583 1981 efl'e
1609 1938 1767 1993 bonos,
1807 1938 1855 1984 δε
1882 1938 1938 1984 fic
1963 1938 2041 1984 sub
2066 1939 2210 2001 specie

229 2000 337 2053 boni
369 2002 557 2058 fallant·,
597 2001 684 2049 hoc
715 2017 823 2048 cum
847 2001 918 2066 fit,
957 1998 1191 2047 manifeste
1214 2000 1390 2047 auditur
1416 2001 1559 2050 solum
1584 2018 1640 2050 ex
1666 2003 1776 2049 sono
1809 2003 2004 2067 loquelae
2029 2022 2208 2064 eorum,

228 2083 325 2118 tum
361 2067 610 2133 percipitur
632 2083 691 2114 ex
714 2067 885 2130 sphaera
910 2082 1102 2120 eorum·,
1138 2066 1311 2127 Angeli
1339 2066 1380 2114 in
1400 2069 1538 2124 coelo,
1575 2069 1694 2132 apud
1721 2085 1835 2130 quos
1861 2072 2033 2118 bonum
2055 2073 2208 2119 domi-

226 2150 375 2192 natur,
409 2135 497 2181 hoc
520 2133 603 2191 est,
639 2133 949 2180 universaliter
986 2145 1159 2195 regnat,
1195 2134 1242 2178 in
1280 2135 1496 2182 omnibus
1528 2135 1578 2182 &
1615 2135 1795 2198 singulis
1822 2136 1919 2185 sunt
1956 2139 2084 2191 boni.
2121 2141 2209 2187 hoe

228 2203 309 2258 est,
346 2200 468 2263 apud
503 2200 604 2248 illos
640 2200 813 2259 bonum
851 2215 877 2244 a
902 2200 1117 2247 Domino
1154 2214 1211 2247 ex
1248 2199 1469 2246 omnibus'
1493 2201 1541 2247 &
1579 2201 1764 2263 singulis
1801 2203 1962 2260 elucet,
2013 2207 2148 2252 etiam
2177 2206 2207 2253 fi

224 2268 395 2332 aliquid
422 2265 529 2314 mali
551 2268 596 2314 in
621 2278 807 2312 externa
837 2263 987 2314 forma
1010 2263 1194 2325 faciunt,
1230 2262 1372 2328 usque
1397 2265 1460 2314 est
1479 2267 1581 2314 finis
1608 2268 1678 2314 scu
1706 2268 1895 2316 intentio
1919 2287 1970 2317 ut
1996 2272 2098 2318 inde
2123 2276 2204 2319 bo-

224 2351 339 2384 num
353 2333 544 2382 eveniat.
613 2331 689 2379 Ex
713 2331 781 2379 his
803 2330 1004 2379 constare
1028 2330 1194 2395 potest,
1230 2332 1373 2395 quod,
1399 2331 1477 2379 ubi
1503 2335 1678 2382 bonum
1701 2336 2008 2383 univerlassiter
2032 2355 2201 2400 regnan,

220 2402 270 2450 in
295 2399 507 2448 ommibus
529 2399 579 2446 &
604 2398 791 2459 singulis
817 2409 990 2458 regnet,
1025 2397 1229 2445 similiter
1253 2397 1328 2444 ubi
1358 2398 1527 2462 malum
1550 2422 1563 2453 ;
1602 2417 1702 2446 nam
1731 2402 1975 2450 universale
2013 2422 2200 2466 regnans

220 2466 370 2517 existit
405 2479 512 2514 tunc
548 2464 768 2531 primurn,
803 2479 910 2512 cum
935 2465 1088 2510 omnia
1112 2465 1161 2511 δε
1186 2464 1486 2524 singulamilia
1511 2465 1629 2521 sunt,
1669 2469 1715 2515 Sc
1752 2467 2198 2521 secundumhfflUffl

220 2533 355 2597 quale
379 2533 682 2596 &quantum
707 2530 770 2577 est
793 2529 1044 2578 universale
1067 2551 1080 2584 3
1118 2546 1222 2577 nam
1246 2530 1371 2593 quod
1398 2530 1565 2578 dicitur
1590 2533 1853 2590 universale,
1892 2536 1978 2589 hoc
2012 2537 2073 2584 est
2100 2543 2198 2587 uni-

222 2599 389 2648 versale
414 2613 471 2644 ex
494 2613 567 2654 eo,
601 2597 730 2660 quod
756 2596 1038 2659 singulariter
1058 2596 1110 2642 fit
1135 2595 1179 2641 in
1199 2595 1428 2643 omnibus,

291 2666 434 2714 6160.
473 2663 534 2710 Et
566 2663 622 2710 ad
654 2661 1095 2721 cibum'infantibus
1130 2660 1302 2717 vestri-³,
1340 2661 1464 2725 quod
1496 2662 1721 2724 significet
1754 2667 1798 2712 in
1836 2667 1921 2714 illis
1954 2685 2062 2732 quae
2096 2671 2196 2722 sunt

221 2728 514 2786 innocentiae,
549 2726 722 2776 constat
744 2737 828 2775 ‘ex
868 2727 1193 2791 significatione
1222 2727 1327 2782 cibi,
1380 2729 1502 2790 quod
1539 2730 1592 2776 fic
1631 2732 1722 2778 veri
1755 2733 1944 2791 bonum,
1999 2751 2048 2783 ut
2090 2755 2202 2788 mox

224 2800 351 2864 supra
387 2813 414 2843 n
437 2813 448 2843 ε
472 2795 638 2849 6161;
675 2796 725 2843 ὅτ,
748 2810 806 2843 ex
827 2793 1150 2858 significatione
1168 2793 1414 2851 infantum,
1451 2796 1578 2859 quod
1621 2795 1672 2843 fit
1709 2798 1983 2860 innocentia,
2020 2804 2075 2852 de
2108 2823 2198 2870 qua

227 2881 256 2913 n
282 2884 291 2913 :
317 2880 418 2925 430
449 2865 591 2924 3183.
619 2860 763 2921 560‘8.
2123 2912 2126 2914 q

292 2930 438 2979 6161.
478 2927 540 2975 Et
562 2928 794 2982 dixerunt,
830 2925 1064 2975 vivificasti
1092 2942 1190 2984 nos,
1227 2926 1352 2992 quod
1378 2927 1598 2988 fignificet
1622 2928 1765 2977 vitam
1792 2930 2064 2994 spiritualem
2104 2957 2198 2991 non

223 2995 350 3044 aliter
371 3010 450 3044 nec
473 2993 674 3050 aliunde,
708 2992 880 3040 constat
897 3009 954 3040 ex
972 2993 1294 3056 fignificatIOne
1319 2993 1566 3050 vivificare,
1591 2995 1721 3059 quod
1745 2996 1798 3043 fit
1821 2998 1914 3044 vita
1935 2999 2172 3064 spiritualis

225 3063 394 3126 de‘qua
411 3077 468 3108 n:
495 3063 625 3124 5890
646 3080 659 3114 3
694 3061 800 3123 quia
816 3059 873 3107 de
896 3060 1169 3107 vivre-atione
1195 3058 1267 3106 seu
1294 3061 1630 3121 regeneratione
1655 3062 1862 3110 naturalis
1885 3067 2037 3116 astum
2060 3075 2121 3119 est
2146 3047 2197 3124 in,

227 3126 599 3190 praecedentibus,
635 3127 683 3173 δε
709 3125 770 3172 ibi
795 3128 945 3174 omnis
961 3124 1052 3188 ejus
1073 3126 1295 3188 proceffus
1313 3125 1563 3191 descriptiS,
1600 3128 1677 3192 qui
1696 3130 1793 3177 talis
1814 3132 1862 3178 &
1877 3147 1967 3182 non
1986 3135 2094 3185 alius
2115 3146 2175 3190 est

219 3191 394 3243 „idcirco
414 3191 613 3262 additur,
637 3192 764 3259 quod
783 3208 874 3242 non
899 3192 1026 3243 aliter
1049 3207 1131 3259 nec
1148 3192 1346 3242 aliunde.
1940 3214 1941 3219 ¹
2178 3180 2194 3202 '

2052 3273 2197 3331 6162,
