2606 3646
315 216 624 292 CAPUT
655 202 1511 303 QUADRAGESIMUM
1551 159 2065 305 QUARTUM.
2113 167 2260 318 219³

260 344 430 404 noscat,
462 343 592 411 quod
610 360 637 394 a
661 343 703 393 se
725 343 843 394 nihil
862 344 941 394 nifi
961 345 1155 403 malum,
1189 345 1242 395 δε
1258 344 1386 409 quod
1407 361 1432 393 a
1449 345 1660 395 Domino
1682 361 1823 394 omne
1846 346 2048 398 bonum:
2084 364 2248 414 praeter

256 413 388 478 quod
403 411 608 474 alioquin
633 409 714 459 fibi
737 425 826 474 pto
849 411 1019 460 merito
1043 411 1209 460 tribuat
1230 428 1341 476 quae
1364 410 1487 468 facit,
1520 412 1574 460 ὅτ
1595 412 1792 475 denique
1814 429 1899 476 pro
1910 412 2103 476 justitia,
2141 433 2247 465 nam

260 478 490 526 vindicare
513 476 593 524 sibi
617 471 780 530 v'erum
803 478 853 526 δε
876 478 1053 526 bonum
1074 477 1199 541 quod
1223 494 1249 526 a
1267 475 1501 535 Domino,
1535 478 1598 525 est
1611 476 1855 541 justificare
1880 480 2105 543 seipsum;
2141 483 2248 531 inde

186 593 193 599 ,
258 542 486 606 scaturigo
499 542 706 606 plurium
728 543 974 602 malorum,
996 544 1165 607 spectat
1182 555 1290 592 tunc
1307 544 1450 592 semet
1467 545 1513 591 in
1533 543 1716 604 singulis
1733 560 1847 609 quae
1875 547 1991 595 facit
2008 548 2249 610 proximo,

251 610 432 722 &scum
451 608 542 720 hog
562 606 688 666 facit,
722 621 845 658 amat
877 608 921 658 se
953 626 1050 675 prae
1075 609 1286 659 omnibus
1308 609 1416 668 aliis,
1454 625 1570 675 quos
1593 609 1652 658 fic
1673 612 1943 670 contemnit,
1976 612 2012 660 fi
2027 629 2121 663 non
2145 630 2242 672 ore,

259 689 292 725 u
346 689 402 723 ue
433 689 510 722 cor
546 689 586 722 e.

311 690 472 804 c{3759
506 740 629 788 Cum
647 756 744 806 quo
766 741 995 791 invenitur
1016 757 1043 790 e
1063 741 1204 791 servis
1230 743 1340 799 tuiS,
1374 742 1425 792 &
1447 741 1688 799 moriatur,
1722 742 1848 806 quod
1874 744 2102 807 fignificet’
2116 742 2248 808 quod

254 804 495 854 damnatus
511 807 594 870 qui
614 808 703 858 tale
718 806 843 866 facit,
880 807 1054 856 constat
1069 824 1128 856 ex
1144 809 1476 870 fignificatione
1493 810 1629 864 mori,
1664 809 1790 870 quod
1811 809 1863 857 fit
1880 811 2102 866 damnari,
2128 826 2250 859 mors

150 925 158 931 „
255 872 381 920 enim
408 871 647 935 spiritualis
669 888 764 920 non
785 873 909 921 aliud
929 873 1152 951 est-quam
1169 875 1403 924 damnatio
1423 891 1434 921 ε
1469 875 1596 939 quod
1618 875 1685 922 illi
1702 875 1782 939 qui
1808 875 2041 924 vindicant
2064 876 2147 923 fibi
2171 892 2254 923 ve-

256 953 363 986 rum
389 938 440 986 &
467 936 639 987 bonum
662 938 791 1002 quod
816 939 1032 998 Domini,
1069 956 1162 988 non
1186 940 1359 1005 poffint
1379 939 1466 990 effe
1503 941 1547 987 in
1581 940 1724 997 coe10,
1760 940 1836 988 sed
1858 941 1986 1004 quod
2008 955 2133 990 extra
2153 957 2252 988 coe-

257 1003 371 1060 lum,
407 1015 535 1067 patet
555 1004 612 1051 ab
627 1004 712 1052 illis
734 1020 844 1068 quae
867 1021 980 1052 mox
1003 1005 1138 1069 supra
1157 1022 1186 1053 n
1207 1023 1220 1054 ε
1259 1011 1409 1070 5758,
1443 1006 1564 1053 dicta
1587 1005 1709 1062 sunt,
1744 1008 1795 1055 &
1815 1008 1896 1070 qui
1914 1020 2039 1056 extra
2057 1007 2250 1063 coelum,

259 1068 328 1116 illi
346 1069 555 1117 *damnati
580 1070 677 1119 sunt
698 1091 713 1124 ς
747 1083 793 1118 at
815 1071 888 1118 lex
913 1071 987 1119 illa
1009 1072 1074 1119 est
1087 1070 1254 1134 judicii
1277 1087 1337 1120 ex
1357 1088 1496 1128 vero,
1521 1071 1596 1120 sed
1630 1087 1737 1120 cum
1751 1072 1988 1136 judicium
2022 1074 2252 1127 simul-fit

256 1151 316 1182 ex
336 1135 476 1192 bono,
513 1148 620 1183 tunc
644 1135 709 1183 illi
728 1137 811 1200 qui
836 1152 996 1191 verum
1018 1139 1072 1186 δε
1096 1141 1274 1192 bonurn
1299 1137 1484 1194 faciunt,
1520 1139 1568 1185 &
1588 1154 1651 1185 cx
1676 1138 1932 1198 ignorantia
1963 1154 2046 1186 aut
2080 1140 2253 1202 [impli-

231 1201 396 1250 *citate
431 1201 506 1248 illa
529 1201 610 1249 fibi
635 1201 855 1259 tribuunt,
891 1218 985 1251 non
1008 1204 1297 1261 damnantur,
1333 1204 1406 1251 sed
1434 1204 1486 1251 in·
1505 1203 1644 1253 altera
1666 1206 1757 1251 vita
1784 1220 1863 1267 per
1889 1205 2082 1252 modum
2107 1206 2252 1254 vasta-

258 1265 397 1315 tionis
429 1266 690 1325 liberantur,
720 1268 778 1316 ,δε
812 1280 1031 1332 praeterea
1063 1270 1284 1332 quoniam
1317 1269 1629 1334 unusquisque
1648 1269 1788 1318 debet
1811 1285 1975 1318 verum
1999 1273 2049 1320 ὅτ
2074 1271 2277 1322 ὸοηιιηι’

258 1332 404 1380 facere
436 1333 550 1381 ficut
582 1348 610 1381 a
646 1332 708 1390 se,
743 1333 816 1382 sed
853 1335 992 1400 usque
1022 1335 1207 1389 credere
1241 1336 1372 1400 quod
1396 1336 1448 1383 fit
1470 1353 1502 1383 a·
1521 1335 1749 1392 Domino,
1782 1335 1989 1384 videatur
2008 1354 2038 1386 n
2065 1354 2076 1384 ε
2103 1340 2194 1400 ¹288
2206 1353 2250 1387 2.

260 1401 407 1460 2883.
434 1403 556 1462 2891
580 1419 595 1455 ς
629 1414 738 1447 cum
762 1399 824 1451 ita
846 1399 972 1457 facit,
1009 1414 1118 1451 tunc
1138 1416 1248 1450 cum
1262 1401 1476 1456 adolescit
1499 1401 1870 1463 &intelligentia
1891 1417 1943 1448 ac
1965 1401 2057 1450 fide
2079 1402 2249 1459 crescit.
2269 1428 2272 1431 >

257 1462 481 1512 fallaciam
506 1463 630 1516 illam
652 1466 782 1520 exuit
804 1467 856 1514 &
889 1467 1074 1515 tandem
1108 1467 1246 1515 corde
1277 1468 1499 1530 agnoscit,
1535 1468 1658 1529 quod
1682 1469 1841 1516 omnis.
1856 1466 1947 1530 ejus
1963 1481 2146 1515 conatus
2168 1470 2248 1517 bo·
2268 1487 2272 1494 ·

257 1529 604 1589 num-faciendi,
640 1530 691 1578 ὅτ
714 1547 875 1579 verum
897 1532 1153 1594 cogitandi,
1189 1531 1324 1581 fuerit
1347 1534 1397 1581 &
1415 1534 1511 1586 fita
1529 1534 1740 1581 Domino
1761 1554 1776 1588 ς
1811 1546 2089 1597 quapropter
2111 1535 2250 1588 etiam
2271 1558 2277 1562 ’

257 1595 334 1657 ille
350 1597 430 1659 qui
447 1596 602 1644 miffus
622 1613 649 1644 a
665 1596 871 1661 Josepho
886 1599 1130 1655 confirmat
1147 1598 1339 1663 quidem
1359 1598 1660 1661 idjudicium‚
1682 1599 1756 1648 sed
1783 1616 1897 1647 mox
1924 1598 2078 1662 rejicit,
2115 1617 2248 1648 nem-

253 1676 314 1725 pe
337 1661 466 1726 quod
491 1662 741 1711 moriturus
755 1664 878 1728 apud
903 1680 1047 1727 quern
1066 1664 1293 1728 schyphus
1310 1664 1605 1722 inveniretur,
1627 1664 1742 1713 dicit
1759 1666 1884 1712 enirn
1922 1674 1955 1704 ‘5
1980 1666 2117 1716 etiam
2136 1684 2253 1715 nunc

255 1726 504 1776 secundum
529 1729 668 1776 verba
691 1728 863 1785 vestra3
898 1730 962 1783 ita
985 1730 1052 1787 id,
1083 1747 1193 1784 cum
1214 1746 1312 1796 quo
1347 1730 1594 1788 invenitur,
1628 1731 1712 1780 erit
1735 1731 1851 1792 mihi
1888 1731 2053 1788 servus,
2089 1733 2138 1780 δε
2164 1749 2248 1781 vos
2299 1784 2305 1788 »

257 1792 380 1841 eritis
403 1794 597 1842 insontes
613 1793 644 1818 ’'
689 1810 770 1858 per
790 1811 898 1859 quae
934 1795 1211 1860 significatur
1250 1797 1408 1845 mitior
1444 1796 1672 1845 sententia.
1741 1797 1831 1845 Sed
1876 1797 2006 1845 aliter
2051 1798 2093 1846 se
2117 1799 2250 1849 habet

259 1875 367 1907 curn
392 1860 497 1916 illis,
530 1860 611 1925 qui
635 1876 726 1909 non
751 1877 809 1914 ex
833 1862 1085 1924 ignorantia
1117 1863 1167 1911 δε
1193 1862 1478 1926 simplicitate
1501 1863 1589 1911 hoc
1612 1862 1801 1919 faciunt,
1837 1863 1911 1913 sed
1935 1879 1991 1913 ex
2017 1864 2251 1928 principiis

257 1939 365 1989 quae
387 1926 480 1973 fide
502 1927 553 1974 &5
573 1941 760 1989 quoque
781 1927 876 1976 vita
898 1929 1228 1977 confirmarunt
1246 1950 1262 1983 ς
1299 1942 1344 1975 at
1377 1929 1533 1994 usque,
1568 1930 1677 1994 quia
1709 1930 1886 1977 bonum
1921 1929 2107 1986 faciunt,
2147 1932 2251 1979 Do·

261 1991 412 2038 minus
429 2007 485 2038 ex
504 1992 819 2041 Misericordia
831 1994 1018 2042 reservat
1039 1996 1162 2057 apud
1185 1995 1266 2044 hos
1283 1994 1453 2059 aliquid
1479 1994 1750 2057 ignorantiae
1766 1998 1814 2044 δε
1831 1996 2148 2059 fimplicitatis.

329 2056 577 2123 576q2Et
599 2058 736 2106 etiam
760 2074 842 2106 nos
862 2060 1027 2110 erimus
1049 2060 1246 2112 domino
1276 2077 1383 2109 meo
1418 2061 1464 2109 in
1498 2061 1663 2120 servos,
1698 2062 1825 2124 quod
1859 2061 2083 2124 significet
2118 2063 2254 2126 quod

251 2121 448 2171 affociati
471 2135 604 2171 erunt
625 2123 790 2188 absque
815 2125 958 2173 libero
974 2142 999 2173 e
1023 2128 1212 2190 proprio
1237 2128 1282 2174 in
1306 2139 1598 2190 perpetuum,
1635 2127 1808 2176 constat
1831 2143 1889 2175 ex
1915 2127 2242 2190 fignificat-ione

258 2187 399 2236 etiam
415 2204 513 2245 n03,
546 2189 674 2253 quod
695 2191 778 2240 lint
794 2192 989 2240 associati
1011 2213 1026 2247 ς
1061 2194 1111 2241 &
1130 2209 1186 2241 ex
1205 2193 1534 2254 significatione
1552 2193 1639 2241 effe
1662 2195 1708 2240 in
1733 2193 1896 2250 servos,
1932 2194 2059 2258 quod
2085 2194 2135 2243 fit
2157 2195 2246 2243 effe

256 2253 425 2318 absque
447 2253 588 2311 libero
608 2271 635 2304 e
656 2258 880 2320 proprio3
914 2258 998 2322 qui
1021 2259 1145 2307 enirn
1171 2258 1322 2306 servus
1344 2259 1424 2316 est,
1460 2259 1627 2323 absque
1664 2260 1806 2307 libero
1839 2275 1897 2307 ex
1918 2261 2124 2322 proprio
2159 2261 2242 2315 est,

257 2318 487 2395 dependet
509 2321 632 2381 enim
655 2338 681 2370 a
705 2323 891 2387 proprio
912 2325 964 2372 &
986 2324 1132 2372 libero
1166 2324 1346 2379 domini
1380 2325 1445 2373 sui
1465 2342 1476 2372 z
1511 2326 1625 2390 quid
1648 2325 1699 2373 sit
1722 2326 1808 2373 effe
1831 2324 2000 2389 absque
2023 2325 2164 2373 libero
2187 2342 2244 2375 ex
2265 2356 2268 2366 ι
2349 2380 2359 2384 ,

259 2400 465 2450 proprio,
501 2386 547 2433 in
573 2387 878 2450 sequentibuS,
912 2405 971 2437 ex
997 2390 1175 2440 Divina
1200 2391 1395 2439 Domini
1422 2390 1756 2445 Misericordia.'
1776 2392 1975 2442 dicetur.
2232 2452 2233 2455 Ἴ

296 2508 298 2510 ¹
328 2452 475 2512 5761.
511 2452 579 2500 Et
599 2453 735 2509 dixit,
770 2455 908 2503 etiarn
933 2472 1052 2504 nunc
1076 2456 1324 2505 secundum
1355 2458 1491 2504 verba
1523 2458 1682 2514 vestra,
1718 2458 1843 2522 quod
1870 2457 2093 2518 significet
2115 2456 2242 2520 quod
2267 2503 2269 2505 ,

259 2517 471 2582 quidem,
496 2516 559 2565 ita
575 2518 831 2582 exjustitia,
855 2521 1030 2570 constat
1046 2538 1103 2571 ex
1120 2523 1223 2578 illis,
1248 2538 1354 2586 quae
1374 2539 1486 2571 mox
1504 2524 1630 2586 supra
1655 2539 1712 2569 n:
1739 2527 1886 2589 5758.
1919 2537 2063 2584 5759,
2099 2523 2245 2584 expli-

258 2596 355 2633 cata
388 2583 518 2636 sunt;
553 2586 680 2648 quod
703 2588 767 2634 ita
790 2602 856 2634 ex·
861 2586 1053 2650 justitia,
1091 2604 1258 2651 nempe
1281 2589 1406 2652 quod
1433 2591 1677 2636 moriturus
1699 2593 1777 2652 qui
1802 2590 1889 2636 hoc
1914 2588 2038 2644 facit,
2065 2586 2245 2650 ,fignifi-

259 2661 387 2697 catur
409 2665 491 2714 per
526 2658 558 2680 “
581 2649 716 2699 etiam
740 2669 861 2701 nunc
882 2653 1133 2703 secundum
1157 2654 1293 2702 verba
1318 2653 1459 2702 vestra
1477 2676 1492 2710 ς
1509 2654 1543 2674 ”
1579 2669 1624 2703 at
1643 2654 1799 2703 mitior
1814 2655 2028 2706 sententia
2045 2670 2165 2709 nunc
2184 2655 2249 2701 se·
2270 2703 2272 2705 ,

296 2729 432 2765 uitur.

257 2732 303 2834 q,
326 2783 473 2846 5762.
509 2783 579 2831 Ita
597 2783 660 2839 id,
692 2784 820 2846 quod
836 2785 1055 2848 significet
1072 2785 1305 2835 mitiorem
1327 2786 1618 2846 sententiam,
1650 2786 1827 2837 constat
1844 2803 1900 2836 ex
1920 2802 2041 2834 nunc
2058 2787 2254 2850 sequen«

262 2847 401 2902 tibus,
438 2850 515 2897 ubi
542 2851 698 2898 mitior
721 2849 796 2896 illa
819 2851 1030 2902 sententia
1052 2853 1265 2908 dictatur.
2145 2867 2149 2871 ”

329 2915 476 2979 5763.
513 2916 636 2964 Cum
661 2931 753 2978 quo
787 2918 1033 2975 invenitur,
1068 2920 1151 2966 erit
1186 2919 1334 2966 servus
1366 2936 1508 2977 meus,
1544 2918 1668 2983 quod
1702 2919 1925 2982 significet
1959 2918 2086 2981 quod
2119 2919 2244 2980 apud

260 2995 402 3044 quem
426 2981 492 3039 id,
528 2983 564 3029 is
583 2982 627 3029 in
648 2984 921 3045 perpetuum
939 2983 1105 3049 absque
1129 2986 1317 3048 proprio
1340 2986 1484 3033 libero
1507 2989 1610 3043 erit,
1646 2985 1818 3032 constat
1841 3001 1897 3032 ex
1923 2984 2248 3046 significatione

262 3046 395 3103 servi,
431 3046 558 3112 quod
580 3048 634 3097 fit
655 3049 821 3112 absque
844 3049 1029 3113 proprio
1051 3050 1195 3098 libero
1215 3049 1320 3108 effe,
1356 3064 1407 3098 ut
1430 3050 1563 3114 supra
1581 3070 1609 3100 n
1626 3069 1643 3102 :-.
1662 3050 1804 3113 5760.
1876 3050 1996 3098 Cum
2021 3050 2106 3098 hoc
2125 3051 2183 3098 ita
2200 3049 2243 3097 se

262 3109 428 3170 haben
463 3112 688 3178 schyphus
705 3116 881 3176 argenti
898 3115 1089 3180 Josephi
1111 3116 1411 3180 pofitusjuffu
1433 3118 1624 3182 jose-,phi
1648 3119 1769 3180 apud
1791 3115 2119 3178 Benjarninetm
2156 3117 2242 3176 fig-

262 3175 414 3234 nificat
436 3194 595 3231 verum
615 3180 819 3241 interiuS,
855 3198 909 3232 n:
931 3199 990 3248 57
998 3183 1076 3246 36.
1099 3196 1225 3248 5747
1246 3205 1259 3239 ·,
1295 3185 1378 3246 qui
1399 3184 1445 3232 in
1464 3201 1572 3236 vero
1589 3183 1790 3234 interiori
1808 3183 1890 3242 est,
1927 3184 1960 3230 is
1973 3183 2102 3233 novit
2118 3182 2246 3243 quod

1249 3250 1290 3300 E
1313 3266 1337 3296 e
1378 3267 1399 3299 2
2102 3263 2241 3299 omne
