2566 3640
318 211 1991 312 420'GENESIS.''

325 357 511 417 mente,
561 347 622 402 de
659 342 817 418 mffe,
854 345 915 398 de
930 343 1118 417 pingui,
1158 341 1231 402 &³
1230 341 1514 425 similibus,
1548 354 1664 402 tunc
1715 347 2029 421 Angelorum
2067 350 2310 424 cogitatio

325 424 389 494 qt
410 425 471 477 de
494 422 631 477 bonis
673 417 865 474 amoris
889 414 962 475 θ’
986 415 1282 496 charitatn,
1326 412 1400 473 ἔθ’
1429 418 1496 488 fic
1521 428 1676 489 porro.
1748 422 2009 479 Somniavi
2045 428 2300 497 quondam

304 495 555 569 somnium
580 494 826 564 vulgare,
871 506 987 544 cum
1023 488 1322 559 evigilatuS,
1367 490 1598 554 narravi
1633 493 1804 547 omnia
1824 511 1866 555 a,
1881 497 2120 571 principio
2141 501 2219 555 ad
2215 496 2304 574 fi..

325 588 473 638 nem,
513 566 747 622 dicebant
769 562 960 635 angeli,
997 562 1127 633 quod
1139 558 1340 632 prorftcs
1363 562 1690 620 coinciderent
1709 582 1822 621 cum
1842 568 1951 624 illis
1976 587 2085 642 quae
2099 573 2142 628 ii
2157 574 2296 629 inter

306 641 367 715 st
389 641 581 712 loquuti
585 638 707 710 stcnt
730 658 744 706 ·‚
784 654 874 692 non
897 635 1027 716 quod
1044 632 1187 707 effent
1208 634 1389 691 eadem
1412 653 1528 707 quae
1530 634 1809 709 somniavi,
1819 638 1911 707 ῥά
1933 643 2297 721 corresponden-

323 718 407 770 tia
426 714 497 774 ἃς)
511 708 937 783 repraesentativa,
975 716 1067 764 ita*
1076 708 1279 780 fingula
1299 729 1316 778 3
1358 708 1590 781 loquutus
1612 727 1726 767 cum
1744 711 1857 768 illis
1876 714 1990 769 dein
2004 716 2066 771 de
2086 719 2302 845 gistum.

322 791 510 844 Coram
528 783 804 857 spiritibus
840 791 1018 838 autem
1057 783 1148 853 qui
1185 783 1324 854 apud
1358 781 1620 854 hominem,
1672 802 1766 841 non
1802 797 2050 859 apparent
2131 787 2301 865 jetta,

327 862 507 931 qualia
526 862 658 916 homo
675 856 827 912 oculis
846 855 1009 925 videt,
1045 873 1130 910 nec
1147 856 1416 926 capiuntur
1433 857 1598 912 verba
1649 858 1800 916 ualia
1817 862 1951 918 homo
1974 879 2106 919 aure
2128 863 2298 935 audit,

297 935 340 1004 J
342 934 407 990 ‘ea'
417 936 547 1008 ficut
569 931 758 1004 cogitat
781 930 946 986 homo:
992 930 1128 1001 quod
1156 928 1397 1001 cogitatio
1402 928 1461 1000 ſs·
1477 941 1595 1001 pror
1610 947 1667 986 us
1694 932 1857 989 aliter
1889 933 2103 1006 habeat,
2142 955 2307 1008 quam

325 1007 547 1080 loquela,
581 1001 764 1078 constat
785 1022 852 1059 ex
873 1021 946 1070 eo,
981 1002 1111 1072 quod
1145 1003 1278 1057 homo
1308 1012 1548 1059 momento
1580 1005 1734 1075 plura
1771 1007 1974 1078 cogitet,
2015 1026 2176 1080 quam
2205 1022 2301 1083 per

298 1081 626 1152 stmihorium
648 1076 810 1148 eloqui
822 1076 967 1149 pofflt,
1007 1075 1137 1147 quia
1154 1077 1345 1147 cogitat
1360 1074 1607 1145 abstraffile
1627 1095 1666 1132 a
1683 1079 1888 1134 vocibus
1910 1080 2104 1154 lingua.
2178 1086 2298 1140 Inde

328 1156 659 1226 aliquatenus
687 1149 812 1220 sciri
846 1147 1011 1222 potest,
1046 1149 1201 1220 quale
1229 1147 1293 1222 est
1321 1151 1667 1207 commercium
1709 1152 1894 1208 anima
1930 1170 2042 1210 cum
2084 1167 2297 1228 corpore,

328 1230 462 1300 quod
479 1237 644 1297 nempe
657 1223 731 1306 stt
750 1223 929 1294 qualis
958 1219 1021 1287 est
1043 1224 1097 1278 in
1130 1239 1261 1276 uxus
1299 1224 1470 1278 mundi
1487 1223 1786 1296 spiritualis
1806 1226 1859 1280 in
1878 1228 2119 1284 mundum
2140 1240 2302 1287 natu-

327 1302 495 1358 ralem
521 1321 538 1370 3
578 1314 758 1354 anima
787 1296 917 1352 enim
938 1292 1031 1367 seu
1083 1295 1269 1369 piritus
1306 1297 1517 1353 hominis
1537 1294 1600 1363 cst
1619 1296 1675 1354 in
1700 1299 1873 1355 mundo
1891 1298 2185 1375 spirituali,
2223 1301 2299 1369 ξέν’

325 1386 493 1446 corpus
516 1373 569 1429 in
591 1372 768 1428 mundo
798 1369 1036 1425 naturali
1056 1390 1072 1438 3
1111 1368 1196 1424 ita
1207 1367 1478 1441 secundum
1499 1368 1962 1442 correspondentias.

403 1446 437 1501 6
443 1467 469 1517 3
480 1467 563 1502 20.
599 1442 808 1516 Angeli,
847 1460 962 1498 cum
982 1443 1212 1519 iifiuunt,
1257 1443 1422 1499 etiam
1445 1440 1727 1516 affi’t't'iones
1744 1443 2050 1522 affingunt,
2093 1445 2166 1508 θ’
2185 1447 2295 1521 ipſse

328 1520 607 1595 affic‘tiones
630 1519 683 1574 in
687 1517 746 1590 se
766 1517 1016 1573 continent
1039 1516 1443 1572 innumerabilia
1460 1535 1476 1584 3
1496 1514 1594 1587 sed
1615 1535 1681 1572 ex
1701 1519 2165 1590 innumerabilibus
2185 1523 2298 1578 illis

327 1596 465 1651 modo
488 1592 799 1664 recipiuntur
823 1588 893 1645 ab
916 1589 1108 1644 homine
1124 1599 1316 1666 pauca,
1347 1598 1555 1645 tantum
1577 1588 1679 1644 illa
1702 1609 1815 1661 quae
1833 1593 2160 1664 applicabilia
2172 1594 2298 1667 sunt

324 1669 433 1726 illis
458 1683 569 1740 quic
587 1663 733 1737 prius
755 1662 808 1717 in
829 1662 1072 1719 memoria
1110 1679 1217 1734 ejus
1251 1662 1440 1735 instint3
1480 1662 1683 1732 reliqua
1705 1663 1921 1739 itfluxus
1951 1669 2167 1740 angelici
2190 1668 2295 1725 illa

325 1741 580 1809 ambiunt,
616 1734 690 1795 &⁹
706 1736 852 1810 ficut
872 1736 928 1791 in
952 1736 1058 1806 fin‘u
1081 1744 1262 1790 tenent.

401 1813 534 1884 6321
547 1851 559 1864 .
596 1811 747 1884 ⁴“Qod
773 1810 990 1883 Influxus
1015 1809 1289 1879 Angelicus
1302 1809 1403 1883 sit,
1443 1806 1517 1869 ἐφ’
1539 1809 1671 1882 quod
1707 1807 1891 1882 absque
1926 1813 2017 1869 illo
2051 1815 2187 1871 homo
2207 1833 2299 1872 non

319 1889 448 1963 pefft
469 1888 669 1953 vivere,
711 1884 893 1939 datum
913 1879 974 1952 est
996 1879 1131 1952 scire
1150 1893 1245 1953 per
1265 1882 1661 1954 experientiam:
1689 1880 1813 1954 stent
1817 1882 2035 1956 spiritus
2055 1888 2295 1961 maligni,

322 1963 415 2033 qui
435 1958 793 2032 excogitarunt
809 1964 956 2011 artes
969 1953 1219 2010 inhibendi
1243 1956 1299 2010 In
1362 1971 1487 2010 xum
1511 1955 1818 2028 angelicum,
1849 1955 1953 2031 sed
1967 1963 2104 2016 modo
2125 1964 2295 2033 quoad

323 2036 566 2106 aliquam
582 2041 821 2102 partem,
864 2029 947 2085 hoc
969 2026 1081 2083 illis
1093 2029 1258 2099 permi
1291 2045 1376 2083 um
1398 2029 1563 2085 etiam
1584 2046 1780 2084 mecum
1795 2029 2010 2103 jacere,
2050 2034 2108 2089 ob
2129 2037 2294 2108 finem

327 2120 386 2165 ut
407 2108 476 2164 ab
510 2102 819 2177 experientia
827 2100 1033 2174 scirem,
1071 2103 1202 2172 quod
1220 2117 1304 2155 res
1326 2101 1411 2157 ita
1426 2101 1487 2172 sb
1517 2102 1765 2171 haberet,
1811 2104 1897 2175 qui
1911 2107 2056 2178 ficut
2097 2108 2292 2163 inhibe-

324 2183 456 2244 bant
476 2182 734 2253 Influxum,
778 2176 862 2231 ita
885 2174 1005 2230 vita
1025 2174 1344 2246 cogitationis
1338 2174 1662 2250 flutiuabat,
1707 2173 1781 2234 ξέν’
1799 2181 2010 2233 tandem
2029 2191 2152 2237 erat
2164 2181 2295 2253 sicut

325 2256 461 2327 apud
487 2255 600 2310 illos
622 2251 708 2322 qui
731 2251 785 2305 in
807 2248 1078 2317 deliquium
1105 2249 1294 2328 cadunt
1315 2269 1332 2317 3
1356 2246 1461 2321 sed
1479 2258 1714 2305 momento
1748 2247 2002 2321 restitutus
2022 2246 2178 2324 sum3
2220 2252 2293 2314 θ’

325 2328 406 2384 illi
411 2326 624 2400 spiritus
645 2325 695 2379 in
719 2319 971 2396 infernum
971 2320 1133 2393 suum
1153 2318 1486 2395 deqet‘t‘ifiint:
1530 2323 1851 2394 apparebant
1871 2325 1948 2379 ad
1962 2323 2215 2398 sinistrum
2238 2328 2300 2382 in·

316 2404 463 2479 plano
481 2396 696 2455 verticis
717 2394 923 2468 capitiS,
960 2393 1048 2449 ubi
1060 2395 1290 2466 primum
1307 2403 1462 2465 erant
1480 2397 1534 2451 in
1550 2396 1748 2451 occulto.

401 2475 434 2528 6
441 2492 559 2544 322.
595 2472 864 2525 Secundum
888 2484 1071 2522 omnem
1089 2468 1443 2539 apparentiam
1461 2467 1543 2542 est,
1587 2470 1721 2538 quod
1715 2467 1894 2538 scistis
1913 2474 2131 2544 externi,
2170 2475 2300 2548 sicut

327 2547 460 2620 vistis
483 2545 556 2605 &³
574 2545 804 2609 audam,
824 2541 1034 2610 influant
1053 2541 1109 2596 in
1134 2542 1498 2613 cogitationem,
1543 2539 1846 2599 &excitent
1867 2543 1941 2599 ibi
1958 2545 2106 2602 ideas
2125 2568 2140 2617 3
2167 2564 2293 2603 nam

328 2630 542 2694 apparet
561 2617 687 2688 quod
715 2612 901 2689 objeti'a
942 2623 1177 2670 moveant
1190 2612 1374 2685 βψς,
1409 2615 1633 2685 primum
1672 2624 1928 2687 externos,
1972 2617 2045 2677 ἐξ
2079 2621 2193 2675 dein
2215 2621 2300 2675 in·-

332 2704 514 2762 ternos’,
557 2687 629 2748 ἐπ’
667 2705 853 2760 quoque
889 2687 1122 2757 loquela,
1150 2686 1248 2756 se'a⁷
1281 2688 1380 2742 hac
1413 2688 1723 2761 apparentia
1759 2698 2000 2760 utcunque
2025 2690 2184 2764 fortis
2211 2691 2295 2764 est,

331 2766 477 2838 usque
501 2774 674 2819 tamen
691 2764 751 2834 qt
756 2760 1002 2834 fallacia
1025 2782 1039 2829 ·,
1078 2762 1356 2814 Externum
1373 2760 1527 2830 enim,
1564 2763 1694 2831 quod
1706 2761 1917 2834 craffitm
1934 2763 2006 2824 θ’
2020 2763 2296 2821 materiale

335 2839 415 2909 est,
462 2855 550 2893 non
565 2835 708 2907 potest
742 2835 944 2907 iifiuere
970 2831 1043 2891 &³
1063 2849 1259 2887 movere
1281 2834 1557 2904 Internum,
1596 2835 1725 2906 quod
1753 2835 1816 2905 est
1842 2846 2028 2906 purum
2048 2834 2121 2895 ἔθ’
2135 2836 2293 2907 spiri-

317 2911 515 2979 tuale,
557 2912 640 2966 hoc
665 2916 839 2963 contra
862 2914 1115 2961 naturam
1130 2903 1206 2978 cst-
1282 2904 1364 2977 Eli
1374 2905 1543 2976 spifits
1577 2909 1823 2976 internus,
1846 2907 1942 2978 fleu
1958 2907 2124 2980 ſsnlits
2151 2910 2297 2980 ipfius

319 2983 556 3056 spirituS,
594 2982 681 3051 qui
699 2990 785 3050 per
798 2978 989 3050 senfiim
1004 2990 1276 3034 externum
1288 2978 1476 3054 sentit,
1520 2978 1594 3038 ἔθ’
1610 2980 1806 3053 disponit
1828 2983 2100 3037 Sentorium
2116 2993 2296 3038 exter-

339 3073 460 3114 num
483 3057 556 3110 acl
571 3053 897 3124 recipiendum
932 3048 1119 3124 objetta
1142 3051 1408 3123 secundum
1420 3051 1535 3121 suos
1568 3066 1762 3122 natm,
1802 3065 2100 3126 quapropter
2129 3054 2294 3110 etiam

338 3127 570 3201 Senfhrtn,
598 3127 732 3198 ficut
744 3122 1006 3197 scifforium
1021 3125 1152 3197 visus
1169 3124 1262 3196 seu
1284 3125 1471 3195 oculus,
1490 3125 1552 3197 ste
1573 3127 1945 3183 accommodant
1966 3138 2202 3184 momento
2225 3128 2300 3210 ad

2131 3218 2303 3257 omnm
