2606 3646
390 206 645 313 218.·1
741 198 799 270 G
938 190 1012 268 Ε
1085 185 1229 300 Ν
1302 197 1449 266 Ε
1561 193 1617 268 S
1745 195 1849 268 J-
1919 193 2015 270 s.

363 387 366 390 ,
388 356 505 395 cere,
538 334 663 402 quod
689 335 749 396 Iit·
765 331 900 388 velle,
933 346 1042 379 nam
1066 345 1206 378 omne
1230 328 1401 377 faEIum
1424 328 1488 377 est
1512 329 1758 379 voluntatis
1778 351 1792 386 3
1827 330 1974 395 ipsum
2000 330 2173 382 lactum
2192 329 2258 380 est
2280 335 2359 382 nm

391 400 551 460 tui-ale,
586 403 634 449 ὅτ
668 402 873 447 voluntas
905 396 968 443 est
1002 395 1231 459 spirituale
1248 411 1274 443 a
1296 410 1425 457 quo;
1459 395 1586 459 quod
1609 403 1702 444 non
1727 397 1797 453 fit,
1831 413 2000 462 nempe
2023 413 2082 444 ex
2104 399 2365 457 voluntate,

390 471 670 535 significatur
692 482 769 529 per
787 463 944 524 absita
968 460 1100 507 servis
1122 463 1227 508 tuis.
1786 515 1788 517 ‚
1861 483 1865 486 «

361 553 366 561 i
418 552 419 555 =
446 544 448 547 ’
462 536 608 599 5756.
645 533 764 581 Ecce
782 539 1022 592 argentum
1038 525 1163 589 quod
1181 524 1440 589 invenimus
1460 524 1506 571 in
1522 534 1599 573 ore
1618 525 1916 574 manticamm
1940 528 2210 587 nostrarum,
2234 530 2362 594 quod
2434 562 2441 568 .

359 614 368 621 .
389 603 611 667 significet
632 613 738 645 cum
764 608 926 657 verum
946 593 1084 656 gratis
1107 594 1347 651 donatum,
1381 590 1554 638 constat
1575 605 1630 638 ex
1655 592 1982 654 fignificatione
2005 596 2196 658 argenti,
2233 596 2361 660 quod

390 671 445 720 fit
469 681 644 721 ‘'erun'’
680 664 736 709 de
759 675 848 724 qua
867 674 923 705 ¹³²
956 674 1100 719 1551·Δ
1123 673 1265 719 2954-
1293 657 1417 726 5658
1443 677 1456 711 ;
1491 672 1549 703 ex
1575 655 1901 718 significatione
1925 659 2195 717 invenimus,
2231 660 2361 724 quod

390 736 446 784 fit
475 732 614 797 gratis
642 730 882 779 donatum,
919 737 1022 769 nam
1048 725 1299 784 argentum
1317 721 1533 769 frumenti
1569 721 1762 785 c'ujusvis
1786 737 1876 769 erat
1907 725 1995 770 illis
2018 726 2263 783 redditum,
2300 727 2366 775 ita

392 801 528 864 gratis
564 796 798 846 donatum,
834 789 1040 836 videatur
1064 804 1121 835 ⁰²
1150 805 1294 851 5530·
1331 787 1498 848 55243
1533 789 1582 835 &
1604 804 1661 835 ex
1690 787 2020 851 significatione
2042 790 2130 837 oris
2154 793 2368 840 mantica·

378 881 511 921 sum,
550 862 674 926 quod
701 859 752 906 fit
769 858 918 920 limen
937 853 1155 902 naturalis·
1171 853 1420 917 exterioris,
1455 853 1514 901 de
1537 870 1629 917 qua
1652 869 1707 900 n:
1737 869 1880 916 5497,

360 934 385 976 'f
461 943 605 992 5757·
645 923 938 974 Reduxlmus
960 919 1015 966 ad
1041 931 1085 966 te
1116 935 1145 985 e
1167 931 1283 983 terra
1315 919 1513 977 Canaan,
1549 918 1675 983 quod
1705 919 1923 981 significet
1946 919 2206 969 submiss‘um
2230 921 2284 970 fit
2306 938 2364 971 ex

362 988 366 1002 1
391 994 619 1058 religioso,
654 988 825 1039 constat
849 1001 906 1032 ex
931 984 1508 1051 fignificationenreducere,
1541 985 1668 1048 quod
1715 986 1770 1032 fit
1802 985 2076 1043 submittere,
2113 987 2171 1034 de
2202 1004 2291 1051 qua
2317 987 2367 1037 „1²3

365 1076 369 1080 .
394 1063 559 1126 ξ)624”’
595 1060 645 1106 &
668 1072 725 1103 ex
750 1052 1073 1115 fignificatione
1111 1063 1247 1099 terrae
1267 1049 1502 1105 Canaani3‚
1537 1049 1662 1112 quod
1704 1050 1758 1097 fit
1793 1050 2092 1111 religiosum-3
2143 1066 2256 1100 terra
2279 1054 2368 1102 Ca-

364 1134 504 1177 .naan
529 1123 749 1188 fignificat
783 1118 905 1181 varia
930 1152 944 1172 ,
988 1131 1045 1162 ex
1080 1115 1206 1162 causa
1240 1115 1346 1179 quia
1389 1115 1610 1177 fignificat
1649 1114 1735 1162 tale
1773 1116 1901 1178 quod
1927 1117 2114 1166 includit
2137 1120 2367 1183 perplura,

391 1193 611 1257 fignificat
634 1188 761 1234 enim
785 1185 1001 1244 Regnum
1029 1181 1242 1236 Domini,
1278 1182 1328 1228 &
1351 1181 1574 1242 fignificat
1591 1180 1855 1236 Ecclesiam,
1889 1183 2211 1246 consequenter
2227 1186 2368 1234 etjam

364 1275 367 1281 .
391 1259 626 1310 hominem
653 1250 881 1304 Ecclesiae,
919 1263 1026 1294 nam
1051 1248 1086 1294 is
1109 1247 1173 1294 est
1198 1246 1414 1303 Ecclesia,
1449 1247 1500 1295 ὅτ
1522 1246 1643 1311 quia¹
1666 1246 1742 1293 illa
1765 1246 2001 1309 fignificat,
2035 1249 2173 1297 etiam
2197 1249 2369 1314 signifi-

369 1339 461 1373 neat
483 1319 665 1370 coeleste
688 1316 817 1381 quod
857 1311 924 1360 est
945 1312 1174 1368 Ecclefiae,
1209 1328 1373 1376 nempe
1412 1313 1584 1360 bonum
1619 1314 1800 1369 amoris,
1841 1314 1893 1360 δε
1929 1329 2116 1378 quoque
2142 1315 2381 1378 spirituale.

390 1391 506 1455 ejuS,
540 1385 664 1450 qu'od
683 1384 745 1430 est
763 1396 926 1428 verum
951 1380 1078 1435 fidei,
1114 1380 1164 1426 ὅτ
1189 1378 1245 1425 fic
1261 1392 1417 1442 porro,
1449 1373 1524 1425 hic
1545 1377 1696 1443 itaque
1735 1378 2016 1442 religiosum,
2051 1381 2176 1444 quod
2204 1381 2365 1433 Eccle-

390 1459 500 1510 fiae;
536 1469 594 1500 ex
633 1447 840 1512 religioso
863 1444 988 1492 enim
1013 1442 1231 1491 Ecclefiae
1264 1443 1344 1501 est,
1380 1443 1517 1508 quod.
1547 1457 1638 1491 non
1661 1443 1990 1492 vindicandum
2029 1446 2114 1494 fibi
2137 1462 2294 1496 verum
2320 1449 2372 1498 δε

361 1526 366 1530 .
388 1525 591 1572 bonum.
659 1515 735 1563 Ex
759 1514 827 1561 his
846 1521 988 1575 patet,
1020 1525 1101 1557 cur
1118 1526 1206 1556 una
1226 1525 1317 1556 vox
1331 1508 1608 1573 quandoque
1633 1509 1762 1573 plura
1778 1509 2016 1572 fignificat,
2051 1528 2157 1567 cum
2181 1512 2303 1560 enim
2322 1515 2371 1562 jn

391 1587 635 1650 complexu
661 1583 788 1645 plura
811 1576 1023 1632 involvit,
1059 1588 1168 1623 tunc
1191 1590 1373 1639 quoque
1414 1575 1635 1637 fignificat
1657 1573 1731 1622 illa
1754 1590 1862 1637 quae
1901 1575 2099 1624 involvit
2122 1578 2376 1628 secundum

392 1654 557 1703 seriem
582 1663 732 1696 rerum
756 1646 802 1691 in
823 1641 946 1691 sensu
969 1641 1159 1688 interno.
1231 1639 1373 1703 Qod
1397 1652 1509 1688 terra
1539 1641 1719 1688 Canaan
1744 1641 1796 1687 fit
1816 1641 2031 1703 Regnum
2056 1643 2269 1701 Domini,
2305 1646 2374 1692 vi.

393 1721 552 1768 deatur
574 1731 633 1762 n:
666 1727 806 1772 1413.
841 1707 1150 1772 1437.1607.
1194 1710 1337 1769 3038.
1366 1709 1509 1768 3481.
1548 1720 1711 1771 37053
1748 1707 1798 1754 δε
1819 1708 1950 1769 quod
1972 1709 2027 1756 fit
2050 1708 2272 1767 Ecclefia,
2307 1726 2370 1767 n:

397 1783 544 1850 3686.
572 1793 715 1842 3705.
740 1791 872 1836 4447
897 1795 911 1828 ·,
947 1787 1005 1819 ex
1027 1772 1093 1820 his
1119 1773 1266 1818 fluunt
1289 1771 1473 1835 reliquae
1496 1771 1587 1835 ejus
1610 1771 1971 1835 significationes,
2091 1815 2097 1819 ss

467 1851 609 1912 5758.
647 1838 975 1906 thuomodo
1007 1836 1266 1892 furabirnur
1285 1853 1342 1884 ex
1372 1838 1515 1886 domo
1537 1837 1717 1884 domini
1751 1837 1815 1884 tui
1840 1830 2079 1902 argentum
2096 1840 2171 1887 vel
2194 1856 2374 1900 ani-um,

327 1911 341 1972 J
396 1915 525 1982 quod
550 1910 787 1974 significet,
823 1921 904 1952 cur
925 1916 1036 1951 tunc
1062 1902 1394 1951 vindicabimus
1416 1902 1546 1952 nobis
1567 1918 1732 1950 verum
1757 1904 1806 1951 ὅτ
1829 1903 2003 1951 bonum
2029 1906 2154 1970 quod
2186 1922 2212 1953 a
2236 1909 2375 1955 coele-

392 1983 450 2032 sti
473 1979 665 2032 Divino,
699 1972 869 2020 constat
891 1986 915 2016 a
934 1968 1259 2031 significatione
1283 1967 1434 2026 furari,
1470 1970 1600 2033 quod
1624 1969 1669 2016 in
1696 1969 1819 2016 sensu
1838 1969 2052 2032 spirituali
2077 1970 2129 2018 fit
2147 1971 2378 2021 vindicare

397 2047 479 2097 sibi
519 2042 646 2108 quod
683 2037 884 2087 Domini
918 2034 997 2091 est,
1023 2034 1089 2081 'de
1128 2051 1221 2098 qua
1244 2033 1372 2097 supra
1409 2050 1464 2081 n:
1504 2049 1632 2100 5749
1654 2055 1668 2089 ς
1720 2050 1778 2081 ex
1817 2035 2144 2097 significatione
2176 2041 2376 2100 argenti,

398 2111 528 2179 q⁰⁰d
565 2109 616 2156 fit
649 2120 829 2157 verum’
853 2102 911 2148 de
934 2116 1023 2164 qua
1048 2117 1105 2147 ¹¹²
1159 2116 1301 2162 155¹·
1334 2114 1479 2162 2954·
1518 2101 1683 2161 5658,
1726 2101 1776 2147 &
1798 2115 1854 2147 ex
1892 2101 2218 2163 significatione
2258 2105 2379 2161 auri,

398 2176 528 2244 quod
552 2175 605 2222 f1t
627 2172 820 2223 bonum,
862 2167 919 2213 de
959 2181 1049 2230 qua
1075 2182 1136 2212 n:
1169 2182 1276 2227 ¹¹3·
1315 2181 1454 2227 1551.
1486 2181 1626 2227 155²-
1654 2166 1799 2227 5658.
1878 2166 1930 2213 In
1966 2179 2064 2214 toto
2100 2168 2189 2216 hoc
2211 2169 2378 2234 Capite

398 2246 551 2306 agitur
572 2239 629 2285 de
654 2235 774 2283 furto
799 2232 1036 2296 spirituali,
1070 2230 1199 2295 quod
1223 2229 1286 2276 est
1305 2230 1536 2278 vindicare
1559 2231 1639 2279 fibi
1679 2231 1854 2278 bonum
1897 2231 1948 2279 δε
1983 2247 2142 2281 verum
2182 2234 2311 2299 quod
2349 2252 2377 2283 a

374 2311 377 2314 ,
398 2309 642 2360 Domino3
678 2303 764 2349 hoc
787 2298 899 2346 tanti
924 2297 1150 2344 momenti
1174 2294 1253 2351 est,
1289 2309 1341 2342 ut
1365 2295 1506 2343 homo
1546 2295 1648 2360 post
1689 2309 1889 2343 mortem
1922 2308 2014 2345 non
2038 2298 2217 2348 admitti
2243 2314 2378 2365 queat

402 2378 449 2426 in
472 2372 667 2424 coelum,
703 2365 966 2430 priusquam
989 2361 1125 2410 corde
1148 2360 1367 2422 agnoscit,
1400 2361 1524 2425 quod
1550 2361 1664 2409 nihil
1688 2361 1795 2408 boni
1826 2363 1876 2410 &
1899 2363 1993 2411 veri
2014 2375 2016 2378 '
2034 2363 2087 2411 fit
2109 2381 2134 2412 a
2159 2356 2216 2422 se,
2253 2367 2335 2416 sed‘
2350 2383 2378 2415 a

399 2433 633 2493 Domino,
667 2435 720 2481 ὅτ
740 2430 866 2495 quod
889 2426 1110 2493 quicquid
1132 2443 1157 2474 a
1180 2426 1241 2484 se,
1276 2442 1368 2474 non
1394 2427 1449 2473 fit
1482 2427 1564 2474 nisi
1588 2427 1759 2475 malum
1781 2448 1795 2482 ;
1829 2429 1953 2490 quod
1992 2431 2051 2477 ita
2073 2431 2143 2488 fit,
2162 2431 2378 2481 ›ostendi-

381 2518 477 2558 ,ιω
502 2499 680 2551 homini
706 2496 807 2563 post
833 2508 1029 2541 mortem
1052 2508 1133 2556 per
1157 2492 1305 2556 plures
1330 2492 1658 2555 experientias;
1693 2491 1819 2556 quod
1842 2506 1981 2540 omne
2004 2496 2180 2544 bonum
2221 2499 2269 2546 &
2294 2513 2377 2546 ve-

402 2587 510 2624 rum
536 2568 586 2615 fit
610 2581 634 2613 a
657 2562 883 2616 Domino,
918 2559 1177 2623 percipiunt
1199 2557 1372 2621 Angeli
1399 2559 1444 2604 in
1468 2557 1589 2606 coelo
1622 2556 1866 2614 manifeste,
1901 2560 1953 2607 &
1984 2560 2162 2626 insuper
2193 2562 2316 2626 quod
2351 2579 2379 2611 a

405 2634 619 2689 Domino
635 2630 919 2677 detineantur
931 2641 956 2671 a
975 2625 1113 2680 malo,
1138 2625 1188 2671 ὅτ
1206 2636 1436 2672 teneantur
1455 2623 1498 2669 in
1517 2624 1638 2671 bono
1654 2625 1705 2671 &
1723 2623 1827 2671 inde
1842 2640 1968 2682 vero,
2002 2627 2053 2674 &
2070 2627 2158 2674 hoc
2175 2628 2220 2674 vi
2237 2627 2344 2675 forti
2357 2647 2379 2678 2

406 2705 497 2752 hoc
518 2700 657 2746 etiam
681 2693 793 2741 mihi
818 2692 975 2737 datum
1001 2689 1063 2736 est
1086 2691 1316 2752 percipere
1337 2689 1571 2736 evidenter
1591 2704 1707 2737 nunc
1730 2704 1810 2752 per
1832 2689 1984 2753 plures
2003 2708 2158 2747 annos,
2192 2693 2242 2740 δε
2263 2708 2378 2756 quo.

406 2785 497 2834 que
515 2774 739 2830 quantum
757 2756 933 2805 reliffils
955 2754 1054 2802 sum
1072 2755 1261 2819 proprio
1277 2755 1350 2802 seu
1370 2754 1503 2810 mihi,
1538 2755 1661 2819 quod
1681 2767 1856 2803 tantum
1875 2757 2117 2805 inundatus
2129 2757 2210 2804 lim
2229 2759 2381 2818 malis,

406 2839 456 2884 δι
479 2840 699 2896 quantum
715 2823 818 2871 inde
835 2822 1042 2870 detentus
1059 2836 1085 2867 a
1102 2820 1326 2876 Domino,
1362 2832 1541 2868 tantum
1562 2836 1587 2867 a
1611 2821 1731 2870 malo
1755 2821 1801 2867 in
1826 2821 2002 2869 bonum
2023 2822 2219 2870 elevatus
2243 2823 2340 2873 sum
2357 2848 2375 2882 3

407 2905 682 2965 quapropter
704 2889 784 2947 fibi
808 2885 1034 2935 vindicare
1057 2901 1215 2933 verum
1237 2887 1287 2933 ὅτ.
1310 2887 1506 2942 bonurn,
1541 2885 1607 2932 est
1639 2898 1795 2934 contra
1823 2886 2071 2934 unIversale
2105 2903 2298 2949 regnans
2327 2893 2377 2939 sn

406 2963 546 3018 coelo,
570 2974 670 3007 tum
685 2967 840 3017 contra
858 2950 1141 3013 agnitionem
1156 2952 1279 3015 quod
1298 2967 1355 2998 ex
1374 2951 1684 2998 Misericordia
1699 2950 1849 2998 omnis
1864 2951 1990 3007 salus,
2026 2952 2110 2999 hoc
2133 2953 2213 3009 est,
2248 2957 2378 3020 quod

401 3029 571 3084 homo,
606 3039 662 3072 ex
686 3022 726 3069 se
744 3021 788 3068 in
812 3017 992 3066 inferno
1017 3017 1082 3072 sit,
1120 3017 1199 3064 sed
1219 3033 1243 3064 a
1267 3018 1482 3065 Domino*
1500 3032 1555 3064 ex
1579 3015 1885 3064 Misericordia
1909 3016 2013 3065 inde
2037 3017 2267 3077 trahatur,
2296 3038 2382 3071 nec

408 3097 554 3145 homo
575 3086 723 3155 potest
746 3085 831 3135 effe
863 3084 909 3131 in
941 3082 1277 3141 humiliatione,
1311 3083 1626 3145 consequenter
1656 3097 1749 3130 non
1785 3083 1981 3146 recipere
2014 3082 2383 3138 Misericordiam

408 3157 626 3215 Domini,
659 3168 766 3204 nam
783 3152 882 3202 haec
905 3149 952 3198 in
973 3147 1292 3202 humiliatione
1314 3148 1392 3199 seu
1413 3148 1461 3214 in
1483 3147 1658 3199 humile
1678 3161 1758 3204 cor
1779 3145 1927 3198 solum
1962 3148 2114 3202 influit
2131 3172 2149 3209 3
2182 3150 2266 3199 nifi
2300 3169 2382 3218 ag-

2210 3217 2384 3277 noscat,
