2670 3698
408 366 622 430 Ephraim
644 365 900 433 AEgyptum‚
936 367 1052 417 &in
1075 365 1247 432 Affivria
1272 367 1575 416 immundum
1605 366 1894 415 comedent”
1932 384 2004 417 ix:
2033 387 2091 434 32
2128 369 2414 428 'Cimumdess

401 433 571 482 derunt
595 432 683 480 Me
700 436 943 482 mendacio
964 435 1194 498 Ephraim,
1227 436 1279 482 δε
1303 433 1411 481 dolo
1429 435 1592 482 domus
1616 433 1779 482 Israelis
1800 455 1814 489 ς
1851 436 1900 483 δι
1924 436 2135 498 Jehudah
2160 441 2306 491 adhuc
2323 445 2408 494 do-

401 501 611 550 minatur
631 517 737 549 curn
765 504 870 551 Deo
891 503 944 548 &
967 517 1074 549 cum
1101 502 1258 551 sanetis
1290 501 1461 549 Israelis
1483 518 1494 549 ε
1531 502 1743 564 Ephraim
1768 500 1948 565 pascens
1983 518 2194 562 ventum,
2231 510 2283 557 ὅτ
2307 527 2419 575 per-·
2457 564 2460 566 v

407 568 613 633 sequitur
638 584 814 626 eurum,
846 569 978 617 omni
1003 568 1078 616 die
1103 567 1392 615 mendacium
1431 569 1481 615 &
1513 568 1811 616 vastationem
1853 570 2158 634 multiplicat,
2185 576 2236 623 ὅτ
2258 577 2410 629 faedus

399 651 517 683 acum
542 635 704 700 Astyria
726 648 949 700 paug-unt,
984 636 1035 683 δε
1057 637 1214 684 oleum
1241 636 1284 682 in
1310 637 1550 698 AEgyptum
1573 635 1773 683 defertur
1788 633 1817 657 ”
1851 650 1927 682 xi1
1949 653 1959 683 :
1992 644 2029 686 ‘1.
2059 654 2122 693 2-;
2159 656 2326 703 praeter
2347 647 2409 695 de
2488 647 2501 653 ²

400 701 632 766 vEphraim
658 704 827 768 pluries
856 703 965 769 alibi
988 704 1108 767 apud
1133 702 1352 750 Eundem
1369 702 1400 723 ’'
1438 716 1488 748 ut
1512 702 1640 767 Cap:
1665 718 1752 750 ivz·
1778 702 1854 758 16,
1884 716 1958 766 17.
1986 708 2059 752 18.
2105 706 2328 771 ‘Capzivg
2357 728 2418 777 3,.

408 773 836 836 5.‘9.›11.12.13.
896 771 1018 834 Cap:
1045 787 1118 817 vii
1141 787 1152 816 ε
1175 772 1285 832 8.9.
1346 767 1752 832 Capzix:8.11.
1784 786 1860 832 ¹5·
1888 771 1960 818 16.
2013 771 2138 835 Cap:
2160 788 2221 828 x:
2248 777 2294 824 6.
2326 796 2403 830 ῃ,

400 837 536 900 Cap:
561 853 644 884 xi:
674 853 717 900 3.
741 843 783 886 8.
807 856 853 902 9.
913 839 1039 900 Cap:
1065 853 1140 885 xii
1166 853 1175 882 :
1199 852 1247 899 9.
1280 852 1354 896 15.
1416 835 1543 899 Cap:
1569 853 1707 884 xnt:
1739 854 1779 885 1.
1815 850 1888 884 12.
1947 836 2079 901 Cap:
2105 854 2223 888 xiv:
2250 858 2316 905 9³
2352 847 2400 893 in

399 904 474 951 inis
497 905 712 952 omnibus
744 907 852 953 locis
876 920 955 968 per
981 903 1204 968 Ephraim
1247 901 1520 965 intelligitur
1558 902 1868 952 Intellesluale
1902 902 2137 963 Ecclefiae,
2176 923 2256 970 per
2279 909 2409 962 Israel

400 970 630 1033 spirituale
664 970 774 1035 ejus,
804 974 862 1020 δε
888 987 967 1035 per
990 971 1219 1032 Jehudam
1243 969 1428 1017 coeleste
1452 967 1651 1033 ejusdem
1676 991 1689 1024 ·,
1725 971 1775 1019 &
1797 969 1903 1032 quia
1923 971 2225 1021 intellectuale
2249 975 2407 1026 Eccle-

400 1038 481 1085 fiae
504 1055 585 1104 per
609 1038 913 1101 Ephraimum
939 1038 1231 1102 significatur,
1266 1037 1375 1084 ideo
1399 1037 1518 1100 saepe
1539 1037 1707 1085 dicitur
1727 1037 1784 1085 de
1803 1036 2026 1100 Ephraim
2052 1041 2179 1103 quod
2204 1042 2334 1092 abeat
2358 1047 2403 1095 in

401 1105 688 1170 JEgyptum.
723 1108 773 1155 ὅτ
799 1105 843 1154 in
870 1105 1116 1169 A-ffyriam,
1153 1119 1234 1166 per
1265 1104 1538 1166 AEgyptum
1571 1104 1696 1152 enirn
1717 1104 2031 1166 significantur
2062 1107 2318 1167 scientifica,
2354 1114 2406 1162 δε

398 1187 484 1236 per
525 1173 758 1235 Affyriam
793 1172 1022 1221 ratiocinia
1057 1188 1115 1218 ex
1136 1170 1261 1225 illis·,
1299 1170 1374 1218 illa
1409 1171 1459 1218 δε
1495 1171 1597 1218 haec
1635 1171 1938 1234 praedicantur
1976 1173 2035 1219 de
2071 1172 2365 1226 Inteueetuali
2387 1202 2404 1236 ;

393 1239 525 1303 quod
549 1241 787 1303 AEgyptus
811 1241 865 1289 fit
888 1238 1202 1293 scientificum,
1239 1237 1447 1285 videatur
1475 1253 1534 1284 n:
1566 1256 1583 1285 1
1601 1238 1708 1296 164.
1740 1237 1882 1297 1165.
1914 1256 1930 1285 1
1950 1239 2056 1286 186.
2087 1241 2228 1302 1462.
2256 1247 2403 1306 2588.

397 1324 425 1368 3
437 1323 552 1369 325.
570 1321 716 1371 4749.
743 1311 890 1372 4964.
915 1306 1065 1371 4956,
1101 1305 1151 1353 δε
1172 1304 1299 1368 quod
1322 1303 1507 1353 Aschur
1522 1302 1793 1366 seu'Affyria
1812 1304 1866 1351 fit
1889 1306 2005 1352 ratio
2028 1305 2079 1353 δε
2097 1308 2397 1370 ratiocinatio,

398 1382 428 1419 n
452 1390 460 1419 :
493 1392 506 1421 1
530 1390 598 1436 ¹9·
632 1391 648 1422 1
666 1374 772 1421 186.
845 1374 1067 1421 Similiter
1085 1372 1130 1419 in
1151 1371 1441 1436 sequenti-bus
1466 1371 1575 1417 locis
1600 1386 1680 1434 per
1696 1370 2006 1433 Epliraimum
2032 1372 2310 1434 significatur
2327 1378 2403 1425 In-

395 1438 653 1487 tellec'tuale
680 1439 895 1489 Ecclesiae
916 1460 929 1494 ;
958 1437 1090 1504 apud
1114 1437 1371 1487 Sachariam
1391 1445 1424 1469 ‘⁴
1461 1437 1634 1485 Exulta
1652 1437 1800 1492 valde,
1837 1438 1930 1485 filia
1955 1437 2132 1496 Zionis,
2168 1441 2328 1508 clange
2347 1446 2404 1493 fi·

395 1508 459 1555 lia
498 1506 860 1570 Hierosolymae,
895 1510 998 1554 'ecce
1029 1505 1133 1552 Rex
1157 1519 1257 1553 tuus
1291 1505 1421 1554 venit
1452 1504 1569 1552 tibi:
1605 1502 1840 1567 exscindam
1876 1520 2051 1553 currum
2076 1523 2124 1554 ex
2150 1509 2405 1571 Ephraimo,

394 1574 447 1622 δε
486 1584 660 1639 equum
699 1589 757 1622 ex
795 1572 1153 1637 Hierosolyma3
1206 1574 1255 1620 ὅτ
1292 1570 1551 1619 exscindam
1577 1586 1729 1619 arcum
1755 1571 1874 1627 belli,
1910 1586 2062 1620 contra
2085 1573 2300 1641 loquetur
2322 1594 2405 1642 pa-

390 1655 497 1688 cem
515 1642 728 1705 gentibus
752 1660 766 1697 ;
801 1641 852 1689 δε
868 1640 956 1688 erit
978 1639 1206 1688 dominari
1231 1638 1372 1701 Ips1us
1388 1655 1415 1686 a
1433 1637 1709 1702 mariusque
1733 1637 1789 1686 ad
1811 1654 1947 1694 mare,
1984 1641 2035 1687 δε
2051 1657 2074 1687 a
2094 1641 2241 1690 fluvio
2264 1643 2408 1710 usque

387 1708 451 1754 ad
475 1708 588 1756 fines
611 1721 756 1758 terrae.
826 1707 1042 1756 Tendam
1068 1705 1193 1754 Mihi
1231 1706 1480 1768 Jehudam,
1518 1721 1623 1752 arcu
1654 1705 1824 1767 implebo
1862 1705 2166 1769 Ephraimum,
2203 1711 2253 1758 &
2275 1715 2416 1760 exci-·

390 1775 502 1824 tabo
526 1775 644 1824 filios
675 1789 776 1824 tuos
810 1773 952 1831 Zion,
986 1788 1094 1822 cum
1119 1772 1224 1821 filiis
1250 1773 1339 1820 tuis
1364 1773 1513 1836 Javan
1531 1771 1563 1790 ''
1603 1788 1658 1820 ix
1679 1790 1688 1818 :
1712 1789 1760 1837 9.
1794 1789 1864 1821 10.
1900 1789 1954 1836 ¹3
1978 1795 1992 1829 ς
2030 1775 2091 1823 ibi
2115 1776 2173 1823 de
2197 1779 2405 1829 adventuv

390 1842 608 1900 Domini,
643 1843 693 1890 &
721 1840 917 1890 Ecclesia
957 1840 1167 1903 gentium
1186 1859 1206 1895 -3
1241 1838 1499 1888 exscindere
1537 1853 1721 1887 currum
1761 1855 1820 1886 ex
1843 1838 2103 1903 Ephraimo
2135 1843 2186 1891 ὅτ
2224 1860 2399 1910 equum

385 1923 452 1957 ex
477 1910 822 1972 Hierosolyma,
860 1923 944 1972 pro
964 1923 1106 1956 omne
1145 1906 1449 1955 intelle&uale
1467 1906 1695 1963 Ecclefiae,
1730 1922 1830 1954 arcu
1863 1906 2052 1972 implere
2075 1908 2402 1973 Ephraimum,

388 1992 479 2041 pro
502 1977 608 2025 dare
633 1992 811 2027 novum
845 1974 1178 2030 intelleetuale;
1213 1973 1340 2039 quod
1363 1989 1516 2022 currus
1534 1974 1590 2022 fit
1612 1973 1880 2031 doctrinale,
1915 1974 2123 2023 videatur
2141 1981 2175 2023 'n
2195 1994 2206 2023 :
2233 1994 2363 2041 5321
2385 2003 2403 2038 3

382 2059 535 2109 equus
555 2042 874 2099 intellectuale,
906 2059 968 2090 n:
995 2043 1139 2104 2760.
1167 2042 1311 2106 2761.
1335 2041 1481 2105 2762.
1507 2055 1654 2105 3217.
1683 2057 1807 2106 5321
1834 2063 1849 2096 ·,
1883 2042 1935 2091 &
1958 2043 2084 2108 quod
2109 2059 2232 2092 arcus
2255 2047 2404 2095 etiam‘-

382 2110 661 2168 doctrinale,
692 2127 755 2158 n:
783 2111 928 2159 2680.
950 2109 1095 2158 2686.
1123 2123 1250 2174 2709
1268 2130 1287 2164 ς
1321 2108 1574 2156 doctrinale
1597 2108 1719 2156 enirn
1743 2108 1801 2156 ab
1819 2108 2110 2157 intellectuali
2147 2111 2394 2175 dependet,

391 2194 501 2226 nam
528 2178 639 2226 ficut
660 2177 705 2225 id
730 2177 1019 2239 intelligitur,
1056 2177 1117 2224 ita
1141 2177 1355 2232 creditur,
1392 2175 1643 2223 inoelleetus
1679 2174 1942 2224 doftrinalis
1965 2176 2072 2224 facit
2097 2179 2229 2242 quale
2254 2178 2365 2228 fidei
2384 2194 2403 2228 ε

389 2247 499 2292 inde
523 2247 659 2296 etiam
685 2244 767 2294 filii
793 2243 1038 2308 Ephraimi
1073 2256 1294 2291 vocantur
1317 2242 1583 2307 jaculatores
1605 2257 1709 2311 arcu
1733 2243 1855 2304 apud
1882 2243 2112 2290 Davidem
2150 2252 2182 2274 “
2209 2244 2315 2293 Filii
2334 2248 2402 2295 E-

384 2314 582 2376 phraimi
620 2311 699 2376 qui
733 2311 913 2368 armati,
937 2309 1209 2373 jac-alatores
1244 2325 1367 2367 arcu,
1418 2321 1679 2357 averterunt
1709 2306 1752 2354 se
1787 2309 1833 2355 in
1867 2308 1944 2356 die
1981 2309 2174 2374 praelii'’
2212 2311 2402 2363 Psalmi

393 2395 690 2444 Lxxv11129.
761 2378 905 2440 Apud
949 2376 1245 2424 Ezechielem
1282 2383 1316 2405 ‘⁶
1340 2375 1449 2423 Filii
1481 2375 1698 2432 hominiS,
1737 2373 1862 2423 sume
1896 2376 1980 2423 tibi
2015 2378 2196 2438 lignum
2231 2392 2403 2439 unum,-

392 2450 446 2496 &
469 2446 608 2494 scribe
633 2445 766 2509 super
786 2444 895 2494 illud
923 2443 1117 2507 jehudae
1139 2444 1189 2490 &
1212 2443 1318 2490 filiis
1342 2441 1512 2491 Israelis
1535 2441 1664 2489 sociis
1703 2439 1829 2504 ejus;
1864 2442 2031 2490 deinde
2056 2443 2180 2492 sume
2212 2445 2406 2510 lignum‘

392 2530 555 2570 unum,
592 2514 642 2560 δι
668 2512 805 2561 scribe
829 2513 957 2576 super
992 2509 1105 2557 illud
1129 2508 1321 2574 Josephi
1353 2509 1511 2572 lignum
1535 2508 1770 2572 Ephraimi
1790 2510 1840 2557 &
1863 2510 2013 2557 omnis
2036 2509 2204 2559 domus
2228 2512 2401 2562 Israelis

394 2581 620 2630 sociorum
645 2579 771 2642 ejus;
809 2579 964 2644 postea
985 2575 1215 2640 conjunge
1249 2576 1341 2632 illa,
1377 2592 1521 2624 unum
1554 2591 1660 2623 cum
1684 2578 1824 2623 altero
1846 2576 1928 2624 tibi
1953 2576 1998 2624 in
2023 2577 2205 2641 lignum
2229 2591 2401 2639 unum)

394 2660 449 2694 ut
474 2649 556 2694 sint
578 2663 725 2693 unum
767 2649 907 2696 ambo
941 2646 989 2692 m
1028 2660 1170 2692 manu
1211 2659 1345 2698 mea;
1380 2658 1482 2690 ecce
1506 2640 1616 2704 Ego
1649 2655 1912 2706 accepturus
1954 2644 2134 2708 lignum
2181 2647 2400 2708 Josepbi,²

394 2713 525 2778 quod
552 2713 595 2759 in
622 2713 834 2761 manibus
858 2711 1086 2773 Ephraimi
1122 2710 1169 2756 &
1207 2710 1408 2758 tribuum
1435 2709 1605 2757 Israelis
1640 2708 1866 2756 sociorum
1890 2708 2002 2774 ejus,
2036 2712 2088 2759 δε
2120 2712 2286 2759 addam
2317 2714 2401 2761 eos'

355 2822 363 2823 i
393 2781 478 2846 qui
516 2780 648 2842 super
686 2779 766 2828 illo
804 2795 912 2826 cum
937 2777 1067 2840 ligno
1104 2774 1321 2836 Jehudae,
1357 2777 1405 2823 &
1438 2775 1599 2823 faciam
1638 2791 1712 2822 eos
1737 2777 1781 2824 in
1806 2777 1988 2839 lignum
2028 2793 2187 2834 unum,
2222 2791 2272 2826 ut
2310 2779 2397 2830 fint

396 2862 546 2895 unum
569 2848 616 2894 in
641 2862 781 2894 manu
807 2861 910 2893 mea
923 2842 954 2867 ’⁵
989 2858 1198 2891 xxxvn:
1230 2844 1302 2891 16.
1334 2859 1404 2906 17.
1433 2858 1489 2905 19
1512 2864 1527 2897 ·‚
1563 2842 1626 2890 ibi
1650 2841 1790 2892 etiam
1814 2859 1893 2907 per
1915 2843 2147 2905 Jehudam
2174 2843 2397 2909 intellig-i·-

395 2928 473 2966 tur
496 2912 710 2962 Ecclefiae
741 2910 944 2967 coeleste,
978 2908 1279 2974 perlsraelem
1301 2907 1396 2972 ejus
1413 2908 1656 2972 spirituale,
1693 2911 1743 2958 &
1761 2926 1839 2975 per
1858 2908 2166 2973 Ephraimum
2190 2910 2393 2974 ejusdem

394 2979 718 3038 intellectuale,
753 2994 862 3045 quae
894 2977 1021 3044 quod
1060 2991 1210 3027 ,unum
1245 2976 1358 3024 fient
1394 2992 1475 3039 per
1513 2976 1739 3024 charitatis
1774 2979 1969 3031 bonum,
2004 2975 2278 3038 significatur
2313 2985 2399 3044 pei*

394 3046 525 3112 quod
549 3062 692 3095 unum
719 3047 902 3111 lignum
935 3044 1015 3092 fiet
1038 3058 1094 3089 ex
1118 3042 1331 3099 duobu33
1362 3041 1545 3106 'lignum
1575 3043 1701 3106 quod
1725 3043 1779 3090 fit
1803 3044 1977 3098 bonum
2007 3043 2139 3107 quod
2169 3043 2397 3095 eharitatis¹

394 3115 446 3163 ὅτ
470 3111 577 3160 inde
611 3128 821 3173 operum,
846 3108 1066 3159 ‘videatur
1089 3125 1149 3156 n:
1182 3128 1197 3158 1
1216 3128 1231 3158 1
1251 3125 1322 3158 ιο.
1351 3113 1498 3172 2784.
1526 3114 1669 3157 2812.
1698 3123 1842 3184 3720.
1868 3125 2013 3172 4943.
2085 3110 2231 3173 Apud
2257 3111 2401 3173 jere-a

393 3181 537 3229 miam
575 3185 612 3208 ‘⁴
635 3179 746 3226 Dies
769 3178 846 3234 est,
871 3178 1136 3234 clamabunt
1158 3175 1366 3223 custodes
1385 3190 1433 3222 ex
1456 3185 1591 3222 monte
1614 3175 1865 3237 Ephraimi,
1891 3176 2074 3238 surg-ite,
2099 3178 2391 3227 ascendamus

392 3243 597 3299 Zionem
620 3244 674 3294 ad
702 3245 934 3313 Jehovam
967 3244 1124 3295 Deum
1149 3241 1371 3301 nostrum,
1407 3256 1485 3291 ero
1520 3241 1667 3290 Israeli
1688 3242 1734 3291 in
1755 3254 1959 3308 patrem,
1991 3244 2040 3293 &
2064 3243 2276 3307 Ephraim
2297 3247 2403 3318 petia

2122 3324 2390 3374 mogenitus
