2670 3698
400 188 486 279 96
806 180 862 253 G
1005 184 1073 271 E
1204 182 1488 266 ΝΕ
1623 131 1902 262 Sssl'
1989 176 2058 250 S.

392 318 572 385 patuit
590 317 816 389 primum
840 333 907 370 ex
927 313 1155 387 sermone
1191 312 1316 390 ejuS,
1348 314 1507 386 potuit
1543 314 1706 370 etiam
1729 313 1869 385 loqui
1908 311 2223 382 volubiliter,
2241 313 2406 388 fluvii

397 387 576 462 iig‘tar,
608 391 738 461 ficut
761 387 1171 460 honusspiritu53
1210 397 1274 442 at
1308 389 1423 442 inde
1456 385 1745 457 noscebatur
1776 388 2016 458 primum,
2054 388 2183 456 quod
2203 405 2294 442 non
2328 407 2399 450 aa·

404 471 577 517 mmet
598 463 732 533 loqui
754 464 813 516 de
836 462 950 517 illis
972 478 1079 531 qua
1094 460 1221 530 sunt
1229 461 1359 533 fidei
1393 457 1466 519 &⁵
1489 460 1798 528 charitatis,
1834 469 1953 514 tunc
1975 462 2104 515 enim
2126 477 2217 513 non
2231 462 2402 532 potuit

382 532 540 604 sequi
563 535 879 608 cogitatione,
900 531 1053 608 fidse
1078 535 1333 602 retraxit,
1356 530 1430 591 θ’
1452 531 1627 587 deinde
1642 540 1920 603 perceptum
1943 549 2009 586 ex
2026 534 2252 604 ſsngulis,
2274 537 2404 604 quod

412 604 688 677 assentator
693 605 876 680 jue-rit
873 605 1110 679 fallendi
1124 605 1276 677 causa
1298 626 1312 660 .·
1353 602 1592 677 dfferunt
1609 606 1742 662 enim
1758 601 2403 690 aſjentationessecundum'

390 682 553 752 fines,
569 682 630 754 st
663 682 794 734 enim
806 680 936 753 finis
964 678 1035 750 fit
1073 678 1332 747 amicitia,
1371 688 1470 733 aut
1506 678 1749 749 voluptas
1784 676 2189 748 conversationes,
2219 680 2402 737 aliave

378 753 596 824 smilis,
634 748 708 813 ὅθ’
731 769 922 824 quoque
943 753 1142 807 lucrum
1163 751 1380 822 licitum,
1415 769 1506 807 non
1542 749 1604 825 est
1627 751 1712 806 ita
1748 751 1907 821 male,
1946 760 2011 805 at
2014 751 2069 816 st
2069 751 2202 826 finis
2209 753 2280 822 fit
2298 772 2397 810 ar-

402 843 541 879 cana
578 825 824 894 eliciendi,
863 822 937 883 &⁹
951 826 1017 901 fic
1041 825 1371 880 devinciendi*
1395 825 1622 881 alterum
1646 825 1722 878 ad
1741 824 1899 902 officia
1940 823 2113 900 mala,
2151 824 2204 878 in
2215 842 2400 896 genere

384 900 447 974 st
446 898 579 972 finis
603 899 818 967 nocendi,
838 904 972 953 tunc
998 897 1170 967 male,
1208 899 1342 953 talis
1351 894 1681 971 finisfuerat
1717 897 1827 953 huic
1848 918 1865 966 ς
1903 897 1982 951 hic
1986 894 2211 968 spiritus
2233 899 2400 955 etiam

402 972 457 1028 in
478 974 664 1049 oppostto
684 981 805 1027 erat
827 981 1007 1027 contra
1025 970 1160 1039 illos,
1196 970 1285 1040 qui
1308 971 1364 1025 in
1390 970 1654 1042 provincia
1674 985 1849 1025 renum
1873 967 1946 1028 &³
1971 978 2266 1041 ureterum3
2307 974 2399 1028 di-

401 1044 555 1100 cebat
587 1043 751 1101 etiam
788 1042 898 1113 ille,
936 1044 1071 1114 quod
1101 1053 1314 1099 amaret
1332 1043 1552 1098 nidorem
1574 1041 1730 1098 urinae
1757 1052 1864 1113 prae
1885 1041 2109 1098 omnibus
2132 1043 2397 1118 odoribus3

403 1113 581 1191 injecit.
599 1117 761 1174 etiam
785 1114 1162 1172 contractionem
1164 1116 1262 1188 seu
1286 1113 1568 1189 angustiam
1596 1113 1904 1189 dolorfficam
1920 1115 1977 1171 in
1998 1115 2243 1188 regionem
2263 1117 2402 1192 imfe-

311 1216 313 1219 <
407 1193 597 1246 riorem
620 1191 835 1246 ventris-

478 1267 582 1333 538
591 1284 637 1335 9.
675 1264 795 1318 Sunt
831 1261 1048 1318 cohortes
1068 1259 1360 1334 spirituum,
1398 1261 1485 1335 qui
1508 1261 1985 1335 circumvagantur,
2027 1259 2103 1320 &ff
2136 1273 2226 1334 per
2260 1263 2402 1331 vices

402 1337 484 1391 ,ad
503 1339 682 1392 eadem
702 1335 815 1392 loca
838 1335 1070 1406 redeunt,
1107 1334 1225 1391 illos
1248 1335 1380 1391 mali
1384 1336 1602 1408 spiritus
1633 1337 1852 1391 multum
1876 1335 2079 1403 timent,
2115 1352 2242 1391 nam
2263 1348 2399 1394 certo

404 1418 814 1482 torturaegenere
831 1425 917 1462 -eos
936 1409 1186 1478 cruciant,
1225 1406 1413 1464 ditium
1433 1409 1563 1478 quod
1582 1406 1666 1462 illi
1693 1405 2090 1481 correspondeant
2113 1406 2279 1481 fundo
2297 1409 2396 1482 ficu

385 1480 633 1554 superiori
653 1483 802 1553 parti
816 1482 978 1554 vestcae
997 1481 1051 1537 in
1064 1481 1328 1551 communi,
1363 1499 1426 1537 ac
1448 1480 1744 1553 ligamentis
1767 1479 2129 1552 muscularibus
2146 1481 2260 1536 inde
2278 1500 2395 1539 con-

401 1554 753 1611 centrantibus
788 1574 815 1609 e
836 1552 1354 1625 veifitssphinfft'erem,
1389 1553 1478 1610 ubi
1491 1566 1579 1626 per
1613 1552 1922 1628 contoifionis
1941 1553 2135 1609 modum
2159 1557 2400 1612 extrudi-

403 1636 492 1683 tur
513 1627 699 1683 urina:
746 1628 941 1700 piritus
978 1626 1065 1681 illi
1063 1626 1125 1698 se
1145 1627 1405 1700 applicant
1437 1625 1631 1699 tergali
1661 1627 1826 1698 parti,
1863 1625 1948 1681 ubi
1972 1627 2142 1681 cauda
2173 1628 2398 1701 equina3

403 1701 572 1757 modus
593 1700 824 1774 operandi
860 1700 1067 1758 illorum
1084 1702 1160 1773 fit
1210 1719 1267 1756 er
1288 1700 1393 1755 reci
1451 1698 1699 1755 ocutiones
1735 1701 1893 1768 citas,
1965 1716 2067 1754 uas
2097 1717 2235 1755 nemo
2284 1701 2398 1775 otest

401 1773 643 1842 inhibere,
679 1772 742 1845 est
762 1775 931 1829 modus
965 1771 1132 1846 constri
1181 1773 1317 1828 orius
1437 1769 1766 1841 restritlorius
1783 1772 1892 1828 dire
1939 1789 2001 1828 us
2022 1771 2190 1844 vetfits
2232 1776 2404 1846 iaeperss«

405 1865 523 1916 ora,
562 1845 636 1905 &⁹
657 1848 988 1903 acuminatus
1009 1844 1251 1919 informa
1277 1845 1382 1903 coni
1400 1867 1419 1916 3
1457 1847 1594 1902 mali
1601 1844 1818 1917 spiritus
1839 1846 1934 1916 qui
1956 1842 2288 1920 conjiciuntur
2308 1848 2399 1903 in-

406 1929 505 1975 tra
526 1937 696 1975 conum
716 1921 884 1991 illum,
922 1920 1176 1992 imprimis
1198 1937 1237 1975 a
1241 1917 1507 1994 stamini,
1541 1930 1629 1993 per
1651 1917 1945 1993 distorsiones
1980 1919 2260 1992 reciprocas
2294 1920 2399 1982 mi-

384 1990 692 2063 serabiliter
727 1993 1030 2050 cruciantur.
1861 2034 1871 2044 .

481 2084 547 2137 53
556 2085 639 2139 90.
690 2066 1074 2123 Excretionibus
1113 2066 1384 2124 immundis
1431 2063 1793 2139 correspondent
1839 2067 2004 2123 etiam
2039 2066 2141 2122 alii
2161 2062 2403 2139 spiritus,

405 2149 569 2210 nempe
591 2139 730 2195 tales
747 2141 837 2211 qui
861 2140 915 2195 in
936 2142 1114 2195 mundo
1137 2138 1369 2197 vindic-te
1384 2149 1591 2197 tenaces
1591 2139 1825 2213 fuerunt,
1851 2149 2198 2211 apparuerunt
2216 2140 2270 2196 hi
2294 2143 2397 2197 mi-

407 2212 460 2266 hi
484 2211 767 2280 antrorfitm
790 2211 1251 2294 veisttsstnistrum3
1289 2214 1659 2269 excretionibus
1679 2212 1791 2267 illis
1811 2212 2079 2267 immundis
2098 2211 2262 2269 etiam
2284 2232 2398 2270 cor-

409 2283 709 2357 respondent,
743 2286 836 2359 qui
840 2286 1150 2356 spiritualia
1175 2287 1251 2341 ad
1275 2283 1510 2357 terestria
1538 2286 1800 2341 immunda
1823 2285 2106 2343 deducunt:
2147 2286 2397 2342 advenie-

408 2357 540 2412 bant
557 2358 722 2412 etiam
754 2359 916 2428 taleS,
951 2355 1024 2417 ξφ
1027 2357 1203 2429 secum
1224 2355 1475 2431 ferebant
1498 2356 1820 2431 cogitationes
1840 2354 2084 2430 spurcas,
2120 2376 2186 2412 ex
2211 2361 2400 2431 quibus

408 2431 575 2485 etiam
576 2427 764 2502 spurca
787 2430 1138 2502 loquebantur,
1177 2441 1287 2487 tum
1310 2447 1503 2501 quoque
1525 2448 1632 2503 quie
1653 2431 1846 2487 munda
1847 2433 2069 2502 jue-runt
2091 2433 2167 2486 ad
2184 2433 2407 2489 immun-

413 2504 485 2558 da
500 2503 800 2577 flefftebant,
838 2501 912 2562 &³
936 2504 988 2560 in
1009 2505 1159 2561 talia
1195 2503 1501 2573 vertebant3
1539 2501 1647 2579 ejus
1670 2504 1873 2575 generis
1898 2502 2075 2574 plures
2093 2502 2317 2576 fuerunt
2337 2521 2407 2562 ex·

412 2578 593 2649 infima
614 2577 774 2648 plebe,
804 2577 974 2631 etiam
994 2595 1060 2632 ex
1095 2576 1222 2631 aliis
1245 2577 1335 2648 qui
1371 2576 1425 2632 in
1458 2578 1632 2633 mundo
1667 2576 1802 2633 inter
1826 2575 2093 2650 digniores,
2129 2579 2185 2633 hi
2202 2579 2408 2648 quidem

412 2650 465 2703 in
489 2649 608 2704 vita
630 2649 852 2719 corporis·
866 2667 955 2704 non
973 2649 1057 2703 ita
1080 2650 1273 2718 loquuti
1277 2647 1404 2720 sunt
1424 2649 1480 2703 in
1501 2649 1772 2722 consortiis,
1792 2647 1888 2721 sed
1919 2649 2065 2721 usque
2101 2650 2186 2705 ita
2207 2652 2407 2722 cogita-

410 2729 547 2790 runt,
584 2721 909 2776 inhibuerunt
945 2721 1075 2775 enim
1099 2720 1161 2790 se
1194 2722 1333 2792 loqui
1355 2722 1497 2794 stcut
1532 2740 1584 2777 co
1615 2722 1841 2791 itarunt,
1890 2738 1950 2777 ne
1967 2724 2030 2782 fic
2052 2721 2107 2778 in
2127 2719 2406 2795 itffamiam

408 2795 655 2862 venirent,
695 2791 768 2851 &³
783 2795 1049 2865 perderent
1073 2793 1364 2863 amicitias,
1400 2794 1548 2850 lucra
1670 2796 1890 2863 honores,
1930 2805 1995 2851 at
2014 2793 2158 2864 isque
2179 2794 2314 2849 inter
2320 2797 2409 2869 fi-

412 2867 560 2921 miles
565 2864 674 2937 sui,
711 2883 826 2921 cum
849 2866 901 2921 in
919 2864 1095 2934 libero,
1127 2867 1327 2937 loquela
1326 2864 1542 2939 fuerat,
1577 2868 1754 2937 qualis
1776 2867 1963 2941 itfimae
1974 2865 2156 2936 plebis,
2203 2865 2424 2932 &ad-

408 2937 704 3010 bucfiedior,
743 2939 866 3010 quia
873 2936 1150 3010 facultate
1171 2940 1401 3010 quadam
1417 2938 1753 2995 intellet‘t'uali
1771 2937 1974 3012 praediti
1975 2935 2118 3009 sunt,
2142 2955 2247 3009 qua
2267 2941 2412 3016 abest

409 3014 484 3068 acl
515 3012 923 3081 conspurcandum
949 3010 1307 3081 etiamsanti‘a
1340 3011 1494 3068 Verbi
1508 3010 1592 3071 &³
1615 3007 1846 3068 doctrina

478 3102 512 3156 5
519 3100 545 3152 3
550 3101 639 3153 91.
675 3085 793 3141 Sunt
810 3100 997 3157 quoque
1019 3082 1203 3156 Renes,
1225 3084 1311 3155 qui
1326 3084 1527 3141 RENES
1550 3095 2062 3156 succmTumATx,
2100 3081 2174 3147 ἐφ’
2207 3101 2403 3213 quffilue

2182 3174 2277 3235 cap
2356 3175 2405 3214 ω
