2606 3646
325 224 1506 361 CAPur'QuaDRAGE'siMuM
1529 228 2054 369 QssARffiuM.
2101 245 2242 389 {⁴29

259 397 343 455 ira,
378 390 651 461 indignatio,
698 392 842 452 furor,
880 395 1019 443 etiam
1063 394 1135 444 his
1174 394 1221 444 in
1261 395 1371 444 locis
1414 412 1502 460 pro
1538 396 1782 453 aversione,
1817 395 2151 460 oppugnantia,
2186 396 2237 443 ὅτ,

258 464 365 511 inde
391 463 573 527 lpaena3
629 459 755 526 quod
800 476 932 524 paena
982 461 1225 511 aversionis
1285 463 1337 511 ὅτ
1380 463 1712 527 oppugnantiae
1738 510 1745 513 ⁷
1774 463 1992 510 tribuatur
2036 463 2064 523 J
2070 463 2234 509 ehovae

259 527 336 586 seu
377 527 614 585 Domino,
672 526 722 574 ὅτ
783 527 958 574 dicatur
1022 529 1117 587 ira,
1168 528 1531 595 excandescentia
1547 562 1562 586 ‚
1620 528 1671 576 δε
1708 526 1831 576 furor
1885 527 2008 592 apud
2038 527 2235 590 'Ipsum,

257 592 323 642 est
342 595 450 657 quia
477 607 588 656 gens
611 609 670 640 ex
694 591 870 656 Jacobo
893 593 1090 641 tenenda
1111 607 1206 642 erat
1241 594 1285 641 in
1312 587 1684 658 repraesen‘t‘ativis
1709 593 1951 650 Ecclefiae,
1980 593 2128 640 solum
2151 608 2234 639 ex-

243 662 408 721 ternis,
442 660 488 707 in
511 659 678 724 quibus
702 659 842 706 teneri
868 674 960 707 non
996 659 1151 723 potuit
1183 659 1266 708 nisi
1290 675 1371 722 per
1390 661 1621 721 >,timorem
1659 658 1710 706 &
1733 673 1944 708 terrorem
1977 674 2063 722 pro
2089 658 2235 721 Jcho-

244 718 367 787 frah,
401 725 453 774 &
477 725 559 774 nisi
580 723 834 772 credidisset
857 725 982 790 quod
1003 741 1061 774 ex
1084 726 1147 772 ira
1163 725 1215 774 ὅτ
1231 725 1595 774 excandescentia
1617 724 1706 774 illis
1730 725 1913 773 malum*
1926 723 2090 772 faceret
2112 744 2127 779 ς
2154 725 2237 787 qui

259 791 307 840 in
324 789 529 840 'externis
551 789 653 839 sunt
676 789 839 855 absque
864 791 1060 847 interno,
1097 791 1316 855 nusquam
1340 791 1468 839 aliter
1506 791 1561 838 ad
1586 803 1772 848 externa
1809 789 2014 847 facienda
2053 791 2237 853 possunt

256 854 441 916 adduci,
478 856 590 904 nihil
613 857 948 904 enimiinterius
971 851 1183 920 estquod
1207 857 1410 920 obligat3
1444 856 1581 914 etiam
1616 856 1825 919 simplius
1847 857 1963 903 intra
1984 854 2235 904 Ecclesiam

239 939 343 983 *nec
365 924 494 971 aliter
515 938 574 970 ex
595 921 854 985 apparentia
877 921 1081 984 capiunt,
1115 939 1259 988 quarn
1283 922 1410 986 quod
1439 923 1567 985 Deus
1591 920 1794 969 irascatur
1825 930 1932 968 curn
1956 922 2120 984 aliquis
2146 937 2238 967 ma·

257 986 358 1039 lum
390 983 511 1055 facit.
580 988 651 1052 At
692 986 848 1051 usque,
872 986 1068 1054 quisque
1089 989 1240 1036 videre
1279 987 1443 1052 potest,
1477 988 1554 1051 qui
1579 987 1785 1044 refleffit,
1820 987 1948 1052 quod
1983 987 2094 1034 nihil
2137 986 2236 1041 irae,

244 1047 411 1105 'minus
436 1047 597 1103 furoris
619 1053 674 1100 fit
697 1053 819 1116 apud
844 1048 1071 1112 Jehovam
1110 1053 1181 1101 seu
1203 1054 1483 1110 Dominum,
1519 1053 1584 1100 est
1622 1054 1746 1101 enim
1787 1054 1878 1116 ipsa
1903 1052 2235 1109 Misericordia,

258 1124 312 1172 &r
335 1120 399 1169 est
413 1120 568 1185 Ipsum
589 1119 786 1184 Bonum,
823 1121 875 1181 &J
898 1119 1077 1183 infinite
1097 1120 1227 1184 supra
1248 1120 1369 1167 velle
1387 1119 1522 1182 alicui
1548 1119 1724 1167 malum
1745 1140 1759 1174 3
1795 1118 1939 1166 homo
1956 1118 2040 1182 ,qui
2067 1119 2110 1165 in
2126 1118 2240 1164 *cha-

259 1182 386 1237 ritate
410 1201 516 1249 erga
545 1183 810 1250 proximum
836 1183 916 1238 est,
951 1188 1041 1232 necv
1056 1187 1093 1232 is
1125 1186 1461 1245 alicuilmalum
1499 1184 1642 1239 facit3
1677 1200 1835 1233 omnes
1874 1185 2022 1246 angeli
2049 1184 2094 1231 in
2117 1185 2240 1231 coelo

241 1248 365 1317 Tsunt
388 1253 516 1310 taleS,
555 1249 668 1316 quid
693 1253 784 1298 noh
807 1249 907 1314 Ipse
934 1251 1183 1311 Dominus.
1203 1307 1208 1311 ,
1252 1253 1337 1311 Sed
1363 1252 1425 1299 ita
1447 1251 1490 1299 se
1514 1267 1579 1299 res
1603 1251 1648 1298 in
1671 1250 1923 1298 alterarvita
1946 1250 2096 1307 habet,
2133 1266 2241 1298 cum

263 1320 500 1370 Dominus
517 1316 683 1380 redigit
707 1316 752 1362 in
772 1315 982 1364 ordinem
999 1318 1170 1376 coelum
1189 1318 1240 1364 &e
1263 1316 1494 1375 societates
1518 1317 1599 1373 ibi,
1630 1316 1761 1381 ¹quod
1781 1316 1832 1363 fit
1848 1316 2064 1364 continue
2083 1316 2144 1364 ob
2161 1333 2241 1362 no-

240 1402 343 1441 ,vos
359 1380 554 1446 advenas
575 1383 626 1431 ὅτ
650 1381 726 1429 dat
751 1381 838 1429 illis
862 1381 1047 1429 beatum
1072 1384 1122 1430 δε
1144 1382 1289 1446 felin,
1308 1399 1433 1438 ,cum
1458 1382 1545 1431 hoc
1570 1382 1719 1430 influit
1744 1382 1790 1428 in
1814 1381 2040 1438 societates
2062 1397 2167 1446 quae
2189 1383 2236 1441 in

260 1451 476 1519 opposito
512 1452 615 1513 „sunt
673 1449 739 1509 (in
763 1447 898 1509 altera
934 1449 1057 1508 enim
1084 1448 1359 1509 ,vitaborjnnes
1382 1446 1612 1506 societates
1635 1447 1744 1505 coeli
1770 1448 1935 1505 habent
1955 1448 2036 1501 fibi
2060 1440 2242 1511 opposi-

246 1515 569 1567 'tasrsocietates
586 1513 633 1560 in
656 1512 852 1570 inferno,
890 1513 993 1560 inde
1032 1514 1381 1577 aequilibrium,)
1417 1516 1467 1562 &
1489 1514 1564 1562 hae
1603 1515 1798 1564 sentiunt
1843 1514 2145 1562 mutationem
2186 1529 2243 1573 ex

241 1636 250 1641 ,
283 1582 499 1647 ‚raesentia
516 1579 642 1645 cccli,
679 1593 790 1642 tunc
813 1579 1056 1645 irascuntur
1073 1579 1504 1644 &septcandescunn
1535 1581 1595 1638 ὅτ,
1623 1592 1870 1644 erumpunt
1894 1580 1938 1626 in
1965 1582 2153 1636 malum,
2189 1580 2240 1628 &

259 1602 395 1700 {mul
420 1656 527 1695 tunc
550 1645 788 1693 incurrunt
811 1647 861 1707 in
882 1645 1058 1710 malum
1080 1655 1263 1709 p'aenaea
1279 1646 1674 1710 :pnaejterea-etiam
1697 1662 1806 1693 cum
1831 1645 1939 1693 mali
1963 1646 2139 1707 spiritus
2163 1657 2242 1693 aut

295 1717 384 1764 enii
401 1713 728 1778 approximant
749 1712 807 1760 ad
829 1711 979 1759 lucem
997 1710 1121 1768 coeli,
1148 1711 1369 1775 incipiunt
1385 1712 1561 1775 angi&
1589 1713 1794 1771 cruciari,
1830 1727 1881 1758 n:
1901 1727 2048 1771 4225.
2073 1711 2242 1771 4226,

259 1733 354 1832 §oc
396 1780 605 1843 tribuunt
627 1778 763 1834 coele,
797 1776 1120 1841 consequenter
1151 1777 1380 1834 Domino,
1410 1795 1540 1838 cum,
1559 1783 1708 1838 tamen
1734 1777 1799 1827 illi
1825 1776 1909 1840 ipsi
1932 1775 2049 1834 sunt,
2084 1779 2167 1842 qui
2190 1777 2245 1825 fi-

261 1844 310 1896 bi
329 1842 554 1895 inducunt
576 1844 843 1906 cruciatum,
881 1845 1056 1891 malum
1079 1843 1204 1906 enim
1229 1847 1466 1908 'torquetur
1488 1860 1596 1892 curn
1619 1843 1869 1901 acceditad
1894 1845 2067 1892 bonum
2086 1864 2100 1896 ς
2136 1843 2242 1904 inde

258 1907 458 1962 constare
475 1908 640 1974 potest,
674 1909 802 1973 qu‘od
821 1925 848 1956 a
862 1909 1072 1958 Domino
1086 1925 1176 1957 non
1202 1910 1283 1958 nisi
1306 1926 1448 1974 quam
1473 1911 1666 1967 b0num,
1700 1910 1750 1957 &
1767 1908 1893 1973 quod
1909 1911 2242 1968 omnemalum

265 1972 320 2028 lit
333 1979 390 2026 ab
406 1974 506 2041 ipfis
531 1976 633 2032 illis,
668 1977 749 2041 qui
770 1976 809 2023 se
826 1988 1051 2031 avertunt,
1075 1976 1133 2034 ,in
1157 1977 1371 2040 opposito
1394 1975 1514 2035 sunt,
1549 1989 1685 2040 atque
1707 1987 1994 2040 oppugnant.
2062 1975 2139 2022 Ex
2158 1975 2245 2022 hoc

265 2059 427 2093 arcano
451 2053 575 2106 patet
598 2041 837 2105 quomodo
862 2041 902 2088 se
925 2057 990 2089 res
1011 2042 1162 2089 habet.

335 2125 480 2175 5799.
519 2109 646 2171 Qia
669 2108 782 2158 ficut
806 2119 852 2154 tu
867 2107 978 2155 ficut
1000 2108 1190 2164 Pharao,
1226 2107 1351 2173 quod
1371 2107 1593 2169 significet
1611 2106 1738 2172 quod
1763 2107 1804 2154 ei
1823 2106 2087 2154 dominium
2115 2106 2247 2169 super

265 2174 504 2230 Naturale,
549 2171 724 2220 constat
745 2188 812 2233 vex
844 2172 1232 2236 repraesentatione
1267 2173 1528 2231 Pharaoni3‚
1573 2174 1697 2237 quod
1734 2173 1787 2221 sit
1808 2173 2026 2220 Naturale
2053 2175 2096 2220 in
2120 2189 2246 2220 com-

269 2240 416 2298 muni,
450 2239 508 2288 de
531 2255 622 2304 qua
645 2255 705 2287 n:
733 2239 897 2302 5160;
932 2240 982 2287 &
1006 2255 1063 2287 ex
1087 2239 1478 2303 repraesentatione
1502 2239 1713 2303 josephi,
1761 2239 1887 2303 quod
1913 2238 1965 2286 sit
1989 2239 2244 2297 Internum,

266 2309 326 2356 de
350 2322 440 2372 qua
463 2306 618 2370 prius3
665 2305 791 2369 quod
817 2305 1056 2366 Internum
1080 2306 1340 2353 dominium
1366 2306 1530 2354 habe-at
1551 2305 1680 2369 super
1704 2306 1919 2361 naturale,
1957 2305 2246 2368 repraesenta-

267 2370 341 2423 tur
363 2389 441 2437 per
464 2370 590 2437 quod
615 2370 841 2436 Josephus
870 2370 1111 2435 praefeetus
1140 2372 1195 2419 fit
1224 2373 1356 2435 super
1387 2387 1577 2419 omnem
1608 2383 1767 2418 terram
1792 2371 2010 2434 AEgypti,
2057 2371 2104 2418 δε
2131 2389 2247 2437 quo-

269 2455 363 2505 que
387 2439 516 2501 super
539 2449 682 2484 totam
705 2438 898 2486 domum
921 2437 1184 2495 Pharaonis,
1219 2437 1395 2494 Genes:
1422 2438 1550 2501 Cap:
1574 2452 1654 2484 xm
1676 2455 1686 2483 :
1711 2452 1791 2496 40.
1817 2456 1869 2495 41
1885 2473 1898 2485 .
2213 2444 2220 2449 “

338 2507 484 2567 5800.
521 2503 750 2550 Dominus
783 2519 912 2550 meus
944 2504 1247 2566 interrogavit
1284 2503 1431 2551 servos
1465 2504 1585 2559 fuce,
1623 2502 1838 2559 dicendo,
1871 2502 1998 2564 quod
2024 2502 2248 2565 significet

240 2627 243 2630 p
267 2571 606 2638 perceptionem
636 2568 926 2629 cogitationis
948 2584 1126 2625 eorum,
1159 2569 1334 2621 constat
1355 2585 1411 2616 ex
1434 2568 1759 2631 significatione
1794 2569 2083 2631 interrogare,
2115 2570 2244 2632 quod

267 2640 323 2688 sit
349 2635 575 2700 percipere
593 2633 774 2681 alterius
798 2635 1162 2696 Cogitationem,
1186 2635 1244 2683 de
1261 2652 1352 2700 qua
1376 2652 1404 2682 n
1426 2653 1436 2681 :
1464 2649 1590 2700 5597
1613 2655 1625 2687 ·,
1651 2633 1776 2698 quod
1803 2633 2075 2696 interrogare
2093 2635 2139 2681 id
2159 2637 2247 2699 fig·

238 2698 247 2757 s
271 2704 450 2758 nis-icet,
484 2699 548 2746 est
563 2700 670 2762 quia
686 2699 731 2746 in
749 2699 964 2762 spirituali
982 2701 1156 2749 mundo
1168 2702 1242 2748 seu
1258 2702 1303 2750 in
1322 2702 1465 2759 coelo,
1497 2712 1587 2747 no'n
1606 2699 1766 2763 aliquis
1790 2715 1906 2762 opus
1931 2699 2089 2749 habeat
2112 2700 2247 2749 inter-

271 2784 431 2831 rogare
448 2765 641 2813 alterum
657 2764 767 2828 quid
785 2767 954 2829 cogitat
967 2764 1024 2813 de
1044 2767 1201 2814 talibus
1219 2784 1325 2832 quae
1346 2767 1597 2815 affectionis
1620 2764 1715 2825 ejus
1738 2766 1856 2823 sunt,
1880 2767 1984 2828 quia
2011 2782 2126 2827 unus
2145 2782 2247 2829 per·

267 2837 384 2899 cipit
405 2833 586 2880 alterius
608 2831 934 2894 cogitationem
958 2848 1066 2896 quae
1088 2833 1193 2880 inde
1214 2854 1229 2888 ς
1250 2892 1253 2893 ⁷
1275 2836 1325 2883 δε
1358 2847 1574 2897 praeterea
1608 2832 1844 2879 Internum
1870 2832 1992 2895 quod
2019 2830 2245 2895 Josephus

272 2900 582 2964 repraesentat,
618 2913 709 2944 non
735 2897 982 2958 interrogat
1004 2898 1264 2948 Externum
1297 2901 1422 2965 quod
1458 2898 1539 2946 filii
1570 2898 1731 2961 Jacobi
1772 2897 2101 2960 repraesentant,
2139 2915 2245 2946 nam

275 2968 537 3017 Externum
569 2978 709 3011 omne
744 2963 876 3010 suum
902 2963 1034 3012 habet
1051 2966 1108 3012 ab
1133 2967 1348 3020 Interno;
1384 2965 1548 3012 exinde
1570 2963 1709 3013 etiam
1734 2976 1874 3025 patet,
1909 2963 2036 3025 quod
2063 2980 2142 3026 per
2177 2965 2245 3011 in-

274 3043 501 3096 terrogare
525 3029 801 3092 significetur
825 3030 1053 3092 perceptio
1076 3030 1374 3094 cogitationis,
1448 3031 1605 3078 Etiam
1627 3030 1672 3076 in
1690 3031 1845 3079 Verbo
1859 3030 2014 3092 passim
2032 3030 2246 3090 occurrit,

272 3099 403 3162 quod
421 3097 632 3161 Jehovah
657 3095 905 3157 interroget
929 3095 1183 3154 hominem,
1218 3113 1325 3146 cum
1345 3110 1498 3146 tamen
1514 3096 1671 3144 omnia
1694 3096 1743 3143 δε
1766 3095 1955 3157 singula,
1991 3111 2099 3158 quae
2122 3097 2247 3155 cogi-

277 3174 359 3218 tat,
396 3164 566 3224 novit,
608 3174 655 3211 at
678 3161 722 3209 id
748 3161 814 3215 fit,
860 3163 966 3226 quia
987 3163 1131 3212 homo
1155 3176 1245 3211 non
1263 3163 1391 3211 aliter
1413 3163 1573 3218 credit,
1616 3177 1758 3225 qua-m
1783 3161 1907 3224 quod
1932 3161 2151 3222 cogitatio
2175 3161 2249 3225 spa

277 3227 450 3277 nemini
471 3239 620 3292 pateat
637 3227 747 3292 quia
763 3227 882 3275 intus
905 3231 952 3275 in
978 3229 1035 3285 se,
1061 3246 1118 3276 ex
1142 3233 1405 3293 apparentia
1428 3230 1501 3276 illa
1525 3229 1574 3275 δε
1598 3227 1703 3274 inde
1730 3226 1837 3282 fide,
1864 3227 1915 3273 fit
1942 3227 2247 3287 interrogatio,

347 3296 494 3355 5801.
530 3296 609 3342 An
632 3295 684 3343 sit
708 3294 838 3344 nobis
861 3306 988 3359 pater
1010 3297 1083 3343 vel
1110 3295 1261 3355 frater,
1297 3296 1420 3360 quod
1447 3294 1668 3358 significet
1690 3292 1816 3357 quod
1843 3291 1894 3340 sit
1917 3293 2090 3341 bonum
2114 3309 2136 3339 a
2161 3308 2254 3406 (1ιέεέ
