2566 3640
441 246 751 322 CAPUT
791 247 1651 338 QUADRAGESIMUM.
1693 248 2093 319 NoNUM.
2143 270 2282 340 449

290 375 476 426 fallaciis
494 376 596 424 sunt
612 392 670 425 ex
694 377 852 425 infima
876 389 1051 436 natura,
1089 378 1201 426 ficut
1223 377 1325 426 sunt
1348 378 1415 426 illi
1438 377 1519 443 qui
1546 377 1592 425 in
1616 384 1726 425 vero·
1750 378 1799 424 &
1825 377 2033 424 nondum
2060 376 2103 422 in
2128 378 2271 423 bono,

292 457 386 491 non
397 442 583 490 credunt
598 443 722 505 quod
740 443 860 491 aliud
876 445 995 507 apud
1010 445 1246 492 hominem
1265 445 1410 501 vivat,
1445 459 1584 508 quam
1601 459 1765 507 corpus
1782 442 1893 505 ejus,
1930 445 1978 490 δε
2005 458 2110 488 cum
2130 442 2273 489 homo

292 510 507 565 moritur,
543 508 625 555 nifi
649 508 686 557 is
709 509 873 557 iterum
897 510 1085 573 recipiat
1102 525 1267 573 corpus
1288 510 1440 567 suum,
1476 510 1601 574 quod
1627 510 1897 573 neutiquam
1922 508 2147 569 resurgere
2172 509 2271 571 pos-

278 573 380 628 .fit;
426 573 461 620 fi
504 573 672 622 dicitur
710 575 812 632 illis,
886 576 1014 638 quod
1054 577 1240 624 interior
1275 576 1420 625 homo
1455 576 1526 631 fit,
1595 574 1675 639 qui
1721 577 1841 622 vivit
1877 575 1923 622 in
1968 589 2175 636 corpore,
2223 575 2273 622 &

290 641 375 704 qui
399 639 678 687 resuscitatur
700 657 726 688 a
748 642 957 689 Domino
979 658 1086 691 cum
1102 657 1265 706 corpus
1283 641 1493 698 moritur,
1530 642 1581 689 &
1597 640 1726 704 quod
1747 641 1821 688 ille
1845 641 1989 688 homo
2003 641 2162 688 habeat
2179 655 2277 688 cor-

286 720 378 768 pus
401 706 534 769 quale
552 707 719 754 habent
742 706 921 771 spiritus
944 720 1021 756 aut
1039 708 1208 772 angeli,
1242 708 1293 755 δε
1309 707 1436 770 quod
1454 707 1530 755 ille
1549 707 1662 754 ficut
1679 706 1824 754 homo
1844 706 1888 753 in
1909 706 2085 754 mundo
2101 705 2273 762 videat,

287 770 462 827 audiat,
497 771 729 835 loquatur,
763 789 869 820 cum
893 773 990 821 aliis
1013 773 1056 821 in
1081 772 1308 822 consortio
1330 771 1403 831 fit,
1439 788 1492 820 ac
1513 784 1723 836 appareat
1747 772 1827 820 fibi
1847 772 2019 835 prorsus
2043 787 2096 819 ut
2113 772 2275 828 homo,

239 847 248 853 ·’
278 837 391 884 haec
409 853 501 886 non
515 837 696 900 possunt
715 853 873 901 capere
893 860 908 893 3
943 838 1135 887 fallacias
1151 854 1210 886 ex
1230 838 1392 887 infima
1407 851 1562 886 natura
1577 837 1765 894 faciunt,
1799 849 1849 885 ut
1866 838 2048 885 credant
2068 854 2158 886 non
2177 837 2273 885 dari

289 902 418 965 poffe
441 902 545 950 talia
564 923 579 956 ;
615 903 815 951 maxime
837 904 900 951 ob
921 904 1096 952 causam
1121 905 1231 969 quia
1253 903 1394 953 oculis
1412 903 1478 952 sui
1500 903 1702 968 corporis
1720 919 1811 951 non
1834 903 1994 951 vident
2017 903 2091 950 illa
2114 925 2128 958 ;
2160 905 2278 952 tales

287 969 450 1024 etiam,
485 982 595 1014 cum
616 969 824 1031 cogitant
846 969 905 1017 de
928 969 1090 1035 spiritu
1114 970 1188 1018 seu
1205 970 1376 1027 anima,
1413 971 1473 1019 de
1494 970 1568 1018 illa
1590 969 1770 1034 prorsus
1794 969 1966 1016 nullam
1991 970 2173 1032 poffunt
2195 971 2275 1016 ha-

280 1035 394 1082 bere
415 1033 583 1090 ideam,
635 1035 718 1082 nifi
738 1034 919 1099 qualem
942 1036 1000 1083 de
1023 1036 1325 1101 inconspicuis
1347 1036 1393 1083 in
1417 1047 1594 1092 natura,
1645 1035 1764 1083 unde
1787 1033 1954 1084 faciant
1978 1035 2101 1083 illam
2127 1036 2202 1082 vel
2226 1035 2279 1082 fi-

287 1102 368 1147 cut
403 1098 754 1162 respiratorium,
806 1101 880 1149 vel
916 1101 1028 1150 ficut
1054 1118 1255 1161 aereum,
1307 1101 1380 1150 vel
1411 1103 1524 1150 ficut
1553 1102 1798 1158 aetherum,
1845 1102 1956 1148 ficut
1988 1101 2277 1158 flammeum,

291 1165 483 1229 quidam
523 1165 636 1213 ficut
667 1167 973 1230 cogitativum
1005 1184 1195 1233 purum,
1243 1169 1319 1216 cui
1353 1167 1435 1215 vix
1468 1168 1641 1232 aliquid
1674 1168 1832 1223 vitale,
1888 1167 2154 1232 priusquam
2197 1167 2279 1215 ite-

294 1246 400 1279 rum
437 1229 728 1293 conjungitur
765 1234 947 1299 corpori
976 1254 992 1290 ;
1057 1234 1157 1282 haec
1193 1235 1418 1297 cogitant,
1475 1235 1583 1299 quia
1621 1233 1779 1282 omnia
1812 1233 2023 1280 interiora
2055 1233 2145 1280 illis
2175 1249 2281 1281 um-

292 1298 389 1344 brae
418 1298 469 1344 &
503 1297 701 1345 tenebrae
735 1297 854 1358 sunt,
902 1301 954 1348 ὅτ,
987 1312 1171 1348 externa
1201 1300 1349 1348 solum
1385 1301 1433 1347 in
1457 1300 1586 1355 luce;
1620 1300 1728 1347 inde
1748 1309 1874 1363 patet
1895 1314 2032 1363 quam
2059 1298 2191 1346 facile
2215 1312 2280 1346 ta-

293 1363 358 1409 les
383 1362 565 1425 possunt
587 1363 675 1411 labi
696 1364 741 1411 in
755 1380 950 1414 errorem
972 1387 987 1422 ς
1022 1382 1130 1414 nam
1147 1366 1182 1414 fi
1199 1366 1342 1414 modo
1355 1365 1561 1429 cogitant
1575 1365 1634 1413 de
1654 1380 1841 1429 corpore
1853 1364 2095 1426 quomodo
2114 1365 2278 1413 iterum

286 1428 524 1486 coalescet,
571 1429 630 1476 de
645 1429 832 1478 interitu
852 1432 1026 1491 mundi,
1063 1432 1191 1496 quod
1211 1435 1325 1481 intra
1342 1444 1414 1480 tot
1433 1431 1593 1480 saecula
1613 1430 1774 1479 frustra
1796 1430 2094 1494 exspectatuS,
2152 1431 2210 1478 de
2233 1447 2281 1478 a·

293 1494 541 1544 nimalibus
557 1496 698 1544 brutis
716 1498 845 1560 quod
860 1498 1013 1547 vitam
1036 1498 1231 1546 habeant
1251 1514 1347 1546 non
1368 1498 1622 1547 absimilem
1643 1499 1755 1545 vitae
1778 1496 1995 1553 hominiS,
2032 1497 2158 1560 quod
2184 1513 2280 1544 non

290 1560 463 1609 mortui
477 1562 617 1624 aliqui
635 1574 895 1624 appareant,
929 1564 982 1611 δε
1002 1564 1275 1611 annuntient
1298 1563 1467 1612 statum
1489 1565 1600 1614 vitae
1618 1563 1727 1621 suae,
1762 1578 1866 1610 cum
1891 1562 1990 1609 haec
2007 1563 2056 1610 ὅτ
2080 1562 2184 1609 talia
2202 1578 2281 1610 co-

281 1629 458 1689 gitant,
493 1625 623 1674 facile
646 1626 863 1676 recedunt
883 1644 909 1675 a
931 1628 1025 1678 fide
1047 1629 1107 1676 de
1127 1629 1465 1687 resurreetione,
1502 1630 1564 1678 ita
1586 1629 1632 1676 in
1651 1629 1859 1692 pluribus
1880 1627 1978 1674 aliis
1998 1647 2015 1682 3
2050 1628 2173 1676 causa
2195 1627 2280 1686 est,

285 1693 401 1757 quia
418 1708 509 1741 non
527 1694 574 1740 in
592 1693 715 1741 bono
729 1693 849 1751 sunt,
884 1695 936 1742 δε
954 1710 1034 1759 per
1050 1695 1222 1743 bonum
1237 1697 1281 1743 in
1302 1696 1401 1743 luce
1420 1714 1431 1742 :
1467 1696 1576 1760 quia
1591 1695 1689 1743 talis
1707 1694 1772 1742 est
1787 1694 1921 1742 status
1937 1709 2117 1750 eorum,
2140 1694 2281 1742 etiam

290 1759 457 1807 dicitur
505 1766 539 1788 “
557 1759 622 1807 Et
655 1759 785 1808 cadet
807 1774 944 1824 eques
964 1759 1060 1824 ejus
1081 1761 1355 1816 retrorsum;
1406 1761 1595 1810 salutem
1617 1773 1745 1809 tuam
1774 1759 1991 1825 exspefto
2012 1759 2225 1820 Jehovah
2242 1759 2285 1823 ’f'

290 1840 377 1890 per
390 1840 497 1889 quae
520 1825 814 1887 significatur,
850 1826 978 1890 quod
1003 1825 1111 1875 inde
1128 1829 1323 1884 receflio,
1357 1826 1442 1874 nifi
1466 1826 1698 1874 Dominus
1718 1841 1859 1890 opem
1884 1824 2007 1873 serat.

361 1890 509 1950 6401.
546 1891 614 1938 Et
631 1891 752 1938 cadit
772 1907 908 1957 eques
930 1891 1024 1955 ejus
1044 1892 1303 1949 retrorsum,
1352 1892 1483 1956 quod
1518 1893 1746 1954 significet
1774 1892 1900 1955 quod
1937 1890 2042 1939 inde
2078 1896 2278 1952 recessio,

291 1955 467 2006 constat
488 1972 514 2004 a
535 1955 863 2020 significatione
884 1959 1044 2007 cadere
1064 1959 1328 2014 retrorsum,
1378 1958 1505 2022 quod
1540 1959 1594 2007 fit
1615 1959 1838 2015 recedere,
1891 1972 2060 2022 nempe
2081 1974 2107 2005 a
2129 1975 2242 2006 vero
2262 1981 2280 2014 ;

292 2026 345 2081 &
361 2039 386 2071 a
408 2022 738 2087 significatione
758 2024 940 2088 equitis,
973 2024 1102 2088 quod
1125 2024 1178 2073 fit
1192 2025 1274 2088 qui
1299 2025 1345 2072 in
1365 2023 1548 2072 fallaciis
1565 2040 1623 2071 ex
1647 2024 1809 2072 infima
1826 2035 1982 2071 natura
2001 2045 2016 2079 ;
2051 2024 2179 2089 quod
2195 2040 2279 2089 per

291 2106 472 2154 equum
487 2088 677 2138 fallaciae
701 2089 792 2138 illae
806 2089 1129 2154 significentur,
1178 2091 1388 2139 videatur
1411 2105 1522 2137 mox
1545 2090 1675 2154 supra
1699 2107 1757 2137 n:
1784 2092 1932 2150 6400,
1967 2104 2106 2152 quare
2128 2106 2212 2153 per
2233 2106 2282 2138 e-

293 2156 471 2221 quitem
491 2156 796 2219 significantur
818 2156 884 2204 illi
902 2158 984 2222 qui
1007 2157 1054 2205 in
1069 2155 1254 2205 fallaciis
1272 2157 1391 2212 sunt,
1428 2155 1525 2203 haec
1540 2156 1780 2218 quomodo
1797 2156 1839 2205 se
1857 2155 2041 2213 habent,
2077 2172 2189 2205 mox
2207 2155 2281 2203 su-

292 2238 378 2289 pra
398 2221 579 2271 diditum
601 2221 682 2270 est.
752 2221 878 2286 Qiia
894 2238 973 2287 per
989 2223 1173 2272 Danem
1196 2222 1504 2286 significantur
1526 2222 1594 2269 illi
1618 2222 1735 2270 intra
1760 2220 2023 2279 Ecclefiam,
2062 2222 2140 2286 qui
2168 2222 2280 2270 tales

293 2288 398 2337 sunt
415 2287 526 2335 srcut
541 2285 753 2351 descripti
770 2303 883 2336 mox
900 2289 1097 2352 supran:
1121 2289 1271 2349 6402,
1305 2290 1356 2337 δι
1372 2287 1453 2352 qui
1477 2287 1536 2335 fic
1559 2289 1678 2335 inter
1701 2287 1891 2336 ultimos
1915 2287 2014 2334 sunt
2037 2288 2082 2335 in
2106 2287 2279 2350 Regno

294 2353 514 2410 Domini,
550 2352 716 2401 idcirco
735 2368 816 2416 per
834 2355 1016 2404 Danem
1032 2355 1167 2404 etiarn
1183 2354 1506 2419 significantur,
1541 2354 1623 2418 qui
1640 2352 1743 2401 falsa
1759 2369 1818 2400 ex
1833 2353 2013 2401 fallaciis
2029 2353 2281 2401 excludunt

297 2421 352 2467 ὅτ
382 2415 773 2482 circumspargunt
792 2439 808 2474 ·,
852 2420 1020 2470 horum
1052 2420 1158 2468 falsa
1180 2436 1364 2485 quoque
1385 2432 1606 2467 vocantur
1629 2420 1735 2483 equi
1758 2421 1810 2467 δε
1835 2418 2195 2466 ratiocinationes
2218 2419 2279 2467 de

284 2485 472 2533 vero&
498 2486 619 2532 bono
643 2485 878 2548 serpentes,
913 2486 1034 2550 apud
1053 2486 1303 2547 Jeremiam
1338 2493 1372 2516 “
1390 2486 1439 2533 A
1448 2486 1578 2534 Dane
1598 2486 1778 2532 auditus
1788 2486 1996 2548 fremitus·
2019 2499 2212 2546 equorum
2238 2499 2281 2531 e·

284 2551 385 2616 jus,
419 2566 445 2597 a
462 2565 564 2597 voce
574 2550 812 2598 hinnituum
817 2553 1007 2614 fortium
1024 2553 1132 2614 ejus,
1165 2550 1444 2600 contremuit
1459 2554 1610 2598 omnis
1628 2562 1757 2606 terra,
1793 2551 1843 2597 δι
1863 2562 2079 2597 venerunt
2098 2550 2148 2596 &
2164 2565 2277 2597 con·

299 2617 553 2664 sumserunt
572 2627 735 2663 terram
757 2617 808 2665 ὅτ
830 2619 1166 2680 plenitudinem
1196 2615 1308 2681 ejus,
1356 2616 1516 2664 urb'em
1539 2617 1590 2663 δε
1614 2616 1866 2663 habitantes
1890 2617 1936 2662 in
1960 2631 2011 2662 ea
2031 2636 2044 2669 ;
2078 2616 2189 2677 quia
2206 2631 2282 2662 ec-

296 2698 352 2730 ce
371 2682 481 2744 Ego
500 2681 637 2795 mittg
656 2681 702 2730 in
719 2696 799 2729 vos
805 2683 1016 2748 serpentes
1033 2685 1210 2748 regulos,
1229 2683 1394 2748 quibus
1412 2696 1503 2730 non
1521 2681 1781 2739 incantatiO,
1806 2682 1857 2729 δε
1875 2680 2144 2730 mordebunt
2162 2679 2279 2730 vos’'

300 2764 401 2796 vm
419 2765 434 2795 .·
464 2762 541 2808 15.
572 2765 592 2796 1
639 2782 650 2794 .

370 2814 515 2874 6402.
552 2813 755 2862 Salutem
775 2826 898 2863 tuam
918 2815 1132 2882 exspecto
1151 2815 1382 2879 Jehovah,
1416 2816 1543 2880 quod
1563 2813 1783 2878 fignificet
1794 2815 1875 2863 nifi
1894 2813 2282 2877 Dominus-opem

300 2879 428 2935 ferat,
479 2879 651 2926 constat
672 2895 730 2927 ex
756 2880 1084 2941 significatione
1109 2882 1294 2931 salutem
1317 2881 1593 2946 exspectare,
1646 2880 1772 2942 quod
1798 2881 1946 2943 hicffsit
1968 2895 2106 2943 opem
2131 2880 2244 2927 ferre
2265 2899 2281 2934 3

299 2946 430 3010 quod
464 2943 676 3008 Jehovah
704 2943 755 2992 lit
780 2945 1029 3003 Dominus,
1085 2946 1293 2996 videatur
1317 2965 1366 2995 n:
1402 2964 1544 3011 1343.
1588 2946 1725 3009 1736.
1761 2948 1904 3007 2156.
1946 2960 2089 3009 2329.
2127 2961 2277 3007 4447.

269 3020 278 3027 ²
307 3025 453 3072 2921.
481 3026 625 3074 3023.
655 3025 800 3074 3035.
827 3012 973 3076 5663.
999 3013 1144 3075 6303.
1215 3013 1358 3077 Qod
1379 3029 1520 3076 opem
1543 3013 1719 3067 attinet,
1755 3027 1893 3075 quam
1921 3011 2154 3059 Dominus
2178 3012 2282 3067 fert,

304 3075 493 3138 quando
513 3076 591 3139 qui
617 3076 666 3122 in
688 3090 798 3123 vero
821 3075 937 3134 sunt,
988 3079 1039 3126 δε
1062 3093 1155 3124 non
1174 3078 1323 3126 adhuc
1345 3079 1523 3126 bonum
1546 3076 1691 3133 ducit,
1743 3077 1978 3133 recedunt,
2013 3092 2121 3140 quae
2145 3076 2284 3138 figni-

307 3141 501 3201 ficantur
534 3156 615 3204 per
633 3141 765 3189 cadet
786 3157 921 3206 eques
953 3142 1212 3200 retrorsum,
1241 3165 1246 3168 ·
1268 3143 1458 3191 salutem
1482 3156 1605 3192 tuam
1630 3142 1841 3205 exspe&o
1864 3142 2095 3204 Jehovah,
2149 3143 2288 3189 scien-

304 3205 424 3255 dum
447 3206 573 3270 quod
595 3205 663 3255 illi
683 3205 885 3272 spe&ent
919 3208 1132 3260 deorsum
1165 3209 1239 3257 seu
1271 3208 1543 3269 extrorsum,
1593 3224 1698 3259 nam
1721 3208 1931 3260 nondum
1954 3207 2002 3258 in
2024 3209 2148 3258 bono
2172 3207 2289 3276 sunt,

1187 3277 1247 3325 M
1273 3291 1319 3325 m
1344 3291 1394 3324 m
1433 3289 1457 3323 2
1785 3275 1790 3277 “
2208 3285 2287 3334 qui
