2566 3640
295 220 615 294 CAPUT
654 215 1518 323 ῼᾘΑΡΕΑΕΕΞᾸΜΠΜ
1562 222 2060 321 OCTAVUM.
2117 244 2251 334 4323

265 354 362 420 ipsa
386 350 718 406 benedictione,
756 348 803 394 in
825 363 920 412 qua
942 346 1111 395 dicitur
1144 355 1179 378 ‘⁶
1200 347 1411 411 Angelus
1435 347 1661 397 redimens
1684 365 1759 397 me
1793 350 1850 397 ab
1871 350 2002 398 omni
2026 352 2149 398 malo
2170 352 2239 400 be·

266 421 436 470 nedicat
462 420 622 482 pueris,
658 417 709 464 &r
731 415 972 462 vocabitur
1010 414 1055 461 in
1098 413 1184 461 illis
1219 430 1389 462 nomen
1415 430 1573 462 meum
1592 415 1655 470 ;’'
1694 418 1745 464 δτ
1767 416 1831 464 est
1852 415 1999 472 causa,
2035 418 2143 480 quia
2167 419 2256 465 Bo·

267 502 384 535 num
426 485 538 532 illud
573 483 624 532 δε
657 482 837 529 Verum
864 481 911 528 in
946 481 1156 537 naturali,
1188 496 1298 544 quae
1341 481 1716 545 repraesentantur
1756 498 1839 547 per
1877 483 2158 530 Menaschen
2199 487 2249 532 δε

265 552 592 617 Ephraimum,
629 547 728 596 sunt
747 547 892 611 ipsum
913 546 1152 594 Internum
1177 547 1241 595 ibi
1264 568 1280 603 3
1316 546 1552 595 Internum
1577 548 1626 596 δε
1651 549 1907 596 Externum
1933 549 2035 598 sunt
2057 551 2249 615 quidem

263 620 383 667 inter
406 617 448 664 se
469 616 694 671 distincta,
730 614 804 661 sed
848 615 894 661 in
933 614 1145 672 naturali,
1178 613 1258 676 ubi
1299 613 1431 661 fimul
1467 613 1588 672 sunt,
1624 614 1688 662 est
1713 615 1948 663 Internum
1990 628 2042 663 ut
2084 617 2128 665 in
2170 617 2244 664 sua

259 678 410 734 forma
452 683 533 730 fibi
566 681 803 746 adequata,
844 696 953 744 quae
977 678 1127 728 forma
1169 678 1287 726 nihil
1328 691 1386 727 ex
1426 680 1488 736 se,
1522 679 1597 728 sed
1636 697 1695 729 ex
1718 682 1905 729 Interno
1942 682 2069 746 quod
2116 683 2245 739 inibi,

259 752 376 812 agit,
413 750 475 796 ita
499 749 643 796 modo
666 747 850 810 agitur:
891 745 934 793 se
958 746 1091 794 habet
1114 746 1199 793 hoc
1222 745 1334 794 ficut
1356 746 1556 793 efficiens
1593 748 1641 794 in
1671 747 1851 805 effestu,
1887 748 2082 796 efficiens
2106 751 2155 797 &
2178 749 2247 798 ef-

260 817 410 864 feetus
450 815 548 863 sunt
572 815 690 861 inter
713 814 755 860 se
777 811 996 868 distinffi,
1033 811 1107 859 sed
1131 812 1273 878 usque
1295 811 1356 860 est
1381 812 1581 860 efficiens
1615 815 1662 861 in
1685 813 1851 862 effecitu
1883 826 1937 861 ut
1968 816 2015 862 in
2058 816 2130 863 sua
2154 817 2244 863 for-

250 899 335 931 ma
361 882 440 930 fibi
465 882 724 944 adaequata,
775 879 826 927 &
849 891 931 941 per
956 877 1085 937 illam
1103 879 1202 940 agit
1225 878 1404 925 causam
1443 879 1491 925 in
1528 878 1700 944 sphaera
1723 880 1803 927 ubi
1843 880 2009 928 fistitur
2041 883 2242 931 effefiws,

257 948 479 997 Similiter
499 946 542 993 se
565 947 697 994 habet
718 959 826 992 cum
851 945 973 992 bono
995 944 1046 1002 &c
1067 948 1179 991 vero
1218 944 1264 991 in
1282 944 1491 993 Naturali
1531 948 1656 1008 apud
1693 946 1949 1003 hominem,
1984 964 2093 1012 quae
2134 962 2240 997 nata

251 1016 358 1063 sunt
378 1016 437 1062 ab
456 1012 659 1069 Interno,
697 1009 933 1074 Internum
955 1009 1080 1071 enim
1105 1009 1254 1058 induit
1276 1010 1506 1059 setalibus
1528 1027 1636 1076 quae
1656 1011 1895 1070 Naturalis
1919 1012 2039 1072 sunt,
2064 1027 2118 1063 ut
2137 1016 2240 1078 pos·

254 1082 310 1130 fit
342 1080 407 1127 ibi
441 1078 544 1134 effe,
580 1077 718 1127 &ibi
742 1076 890 1124 vitam
912 1091 1081 1141 agere;
1133 1076 1309 1125 sedilia
1331 1077 1502 1142 quibus
1542 1083 1586 1125 Ie
1628 1078 1799 1137 induit,
1837 1095 1931 1128 non
1970 1079 2071 1129 sunt
2108 1077 2237 1131 aliud

245 1162 389 1213 quam
412 1147 742 1207 integumenta,
777 1159 887 1208 quae
919 1159 946 1190 a
970 1142 1013 1190 se
1035 1145 1215 1209 prorsus
1237 1143 1353 1192 nihil
1376 1155 1531 1208 agunt.

321 1213 350 1260 6
358 1212 468 1278 276.
505 1209 571 1258 Et
593 1210 729 1265 dixit,
779 1210 903 1256 Deus
922 1225 1075 1258 coram
1093 1225 1191 1274 quo
1207 1209 1495 1269 ambularunt
1514 1221 1659 1274 patres
1678 1211 1789 1267 mei,
1826 1212 2064 1262 Abraham
2090 1216 2141 1264 δε
2163 1218 2236 1280 Ji-

250 1278 403 1334 schak,
455 1277 582 1341 quod
608 1275 833 1339 fignificet
855 1274 1084 1323 Divinum
1107 1291 1132 1323 a
1151 1276 1263 1338 Qo
1279 1275 1425 1324 vitam
1445 1277 1700 1326 habuerunt
1721 1277 1904 1326 Bonum
1928 1279 2164 1330 Internum
2181 1285 2234 1332 δε

249 1345 429 1394 ’Verum
449 1343 705 1398 Internum,
739 1340 912 1390 constat
933 1358 960 1389 a
984 1341 1311 1406 fignificatione
1337 1343 1481 1406 Deus,
1513 1343 1643 1406 qnod
1667 1343 1721 1391 fit
1747 1345 1974 1394 Divinum
1997 1366 2012 1402 ς
2044 1363 2072 1408 a
2093 1348 2233 1412 figni-

245 1412 458 1461 ficatione
481 1409 731 1466 ambulare,
767 1408 894 1474 quod
920 1407 974 1456 sit
995 1410 1166 1467 vivere,
1187 1408 1272 1469 *seu
1286 1410 1430 1456 vitam
1449 1409 1631 1465 habere,
1667 1409 1726 1456 de
1742 1427 1829 1475 qua
1850 1427 1910 1458 n:
1940 1428 2053 1474 519.
2083 1430 2239 1478 1794;

246 1479 297 1526 δε
330 1494 355 1525 a
391 1473 784 1540 repraesentatione
803 1473 1083 1532 'Abrahami,
1118 1475 1246 1540 quod
1268 1475 1316 1534 in
1341 1474 1558 1540 supremo
1582 1475 1707 1535 sensu
1732 1477 1785 1533 fit
1810 1477 1963 1541 Ipsum
1999 1479 2230 1532 Divinum

246 1543 461 1602 Domini,
497 1544 547 1597 ὃς
571 1539 798 1604 Jischaki,
831 1541 960 1606 quod
986 1542 1035 1594 fit
1053 1540 1280 1610 Divinum
1305 1541 1549 1607 Rationale
1566 1541 1724 1605 Ipfius‚
1762 1543 1822 1590 ita
1845 1543 2079 1594 Internum
2114 1547 2225 1596 Hu-

243 1626 453 1666 manum,
491 1609 637 1670 Jacob
658 1609 786 1655 enim
808 1607 879 1654 est'
896 1607 1126 1655 Divinum
1150 1605 1368 1656 Naturale
1394 1607 1609 1665 Domini,
1646 1607 1721 1656 seu
1757 1609 2016 1659 Externum
2042 1613 2228 1663 Huma-

243 1692 358 1724 num
382 1676 542 1741 IpfiuS,
576 1674 635 1722 de
658 1675 824 1738 quibus
857 1690 918 1720 n:
956 1689 1102 1722 2011.
1128 1689 1276 1736 3245.
1302 1689 1431 1737 3305
1458 1674 1490 1722 f.
1519 1690 1667 1738 3439.
1702 1676 1865 1737 4615:
1902 1680 1947 1724 in
1982 1679 2106 1726 sensu
2148 1698 2229 1730 au-

236 1755 335 1791 tem
371 1742 743 1806 repraesentativo
771 1738 838 1786 est
857 1738 1095 1787 Abraham
1115 1738 1300 1787 Bonum
1324 1738 1580 1798 Internum,
1614 1743 1666 1790 δε
1686 1741 1927 1805 jischakus
1949 1743 2138 1794 Verum'
2153 1747 2228 1804 In-

238 1807 441 1864 ternum,
475 1824 505 1854 n
526 1824 538 1853 z
560 1820 706 1872 3703.
729 1806 877 1869 609&
897 1807 1024 1865 6185
1047 1825 1062 1860 3
1095 1805 1227 1869 quod
1250 1804 1352 1853 haec
1368 1806 1415 1853 in
1434 1804 1561 1859 sensu
1586 1806 1953 1872 tepraesentativo
1970 1811 2227 1875 fignificen-

236 1885 313 1923 tur
349 1890 431 1937 per
450 1873 768 1921 Abrahamum
786 1869 1148 1935 &J‘ischakum,
1184 1869 1248 1928 est
1271 1872 1379 1936 quia
1404 1872 1553 1936 ipsum
1576 1872 1685 1930 illud
1718 1873 1920 1939 Bonum,
1954 1877 2005 1925 δε
2025 1878 2220 1938 Verum,

233 1939 366 2004 quod
400 1941 448 1988 in
467 1939 638 2000 Regno
657 1937 872 1995 Domini,
907 1938 1161 2001 procedunt
1179 1953 1205 1984 a
1221 1937 1399 1987 Divino
1431 1939 1685 1987 &Divino
1705 1939 1934 1999 Humano
1959 1943 2136 2008 Ipfius3
2170 1947 2223 1997 δε

230 2006 410 2054 ‘faciunt
430 2017 481 2054 ut
506 2005 743 2055 Dominus
766 2003 866 2069 Ipse
886 2003 943 2052 fit
967 2003 1045 2060 ibi,
1082 2004 1144 2052 ita
1167 2003 1272 2068 Ipso
1290 2005 1513 2067 Regnum
1529 2005 1682 2061 suum.
2192 2006 2194 2008 ’

303 2072 451 2137 6277.
486 2071 620 2119 Deus
652 2085 823 2135 pavens
856 2086 952 2128 me,
984 2070 1113 2134 quod
1145 2070 1369 2135 fignificet
1385 2071 1613 2128 Divinum
1648 2070 1764 2120 illud
1786 2074 2023 2123 vivificans
2045 2075 2222 2129 bonum

231 2139 330 2187 veri
362 2138 605 2202 spiritualis
638 2153 664 2184 e
699 2137 904 2193 naturali,
949 2135 1125 2184 constat
1144 2145 1215 2185 ‘ex
1249 2137 1587 2201 fignificatione.
1610 2146 1798 2207 pavens,
1840 2141 1978 2206 'quod
2013 2141 2068 2190 fit
2102 2145 2221 2195 vivi-

232 2205 405 2262 ficans3
456 2204 583 2270 quod
617 2203 793 2268 pascere
826 2203 881 2252 fit
915 2202 1147 2259 instruere,
1198 2204 1406 2258 videatur
1440 2220 1503 2252 n.-
1538 2204 1685 2266 6044,
1737 2204 1803 2253 est
1836 2207 1961 2271 quod
1998 2207 2216 2272 pascuum

230 2271 288 2319 fit
320 2270 370 2319 id
417 2271 550 2336 quod
584 2269 796 2320 sustentat
828 2269 971 2323 vitam
1007 2269 1235 2323 Hominis
1286 2270 1581 2335 spiritualem,
1632 2287 1694 2319 n.-
1731 2273 1892 2337 6078,¹
1924 2273 2001 2322 sed
2034 2277 2213 2341 pascere

219 2338 280 2387 &
314 2335 550 2401 pascuum,
598 2335 658 2384 de
690 2335 855 2401 quibus
886 2335 970 2392 ibi,
1005 2335 1311 2400 praedicantur
1340 2337 1402 2384 de
1441 2352 1582 2401 grege
1602 2358 1619 2392 3
1651 2349 1701 2385 at
1734 2344 1902 2402 pavens
1939 2340 2011 2387 hic
2043 2342 2101 2390 de
2131 2343 2210 2404 ja-

224 2403 378 2460 cobo,
413 2402 541 2467 quod
575 2399 842 2454 sustentatus
874 2401 987 2450 cibis
1017 2403 1072 2461 ὅτ
1095 2402 1341 2466 neceffariis
1373 2403 1501 2460 vitae,
1532 2419 1618 2467 per
1638 2404 1765 2470 quod
1801 2404 1847 2469 in
1884 2405 2007 2464 sensu
2032 2408 2210 2458 interno

227 2469 376 2517 {imile
409 2466 704 2532 fignifimtur,
739 2484 846 2516 nam
879 2468 1005 2531 quod
1042 2467 1261 2529 sustentat·
1288 2471 1340 2518 δε
1374 2469 1576 2526 vivificat
1610 2471 1753 2517 vitam
1790 2466 2009 2535 eorporis,
2045 2473 2207 2532 hocin

224 2535 355 2584 sensu
390 2533 589 2593 interno,
638 2535 862 2598 fignificat
896 2533 943 2581 id
978 2537 1107 2597 quod
1143 2533 1357 2583 sustentat
1388 2537 1531 2584 vitam
1556 2534 1851 2598 spiritualem,
1907 2539 2076 2586 &eam
2094 2541 2216 2590 viv-i·

222 2603 330 2651 ficat
363 2601 415 2650 δε
463 2616 524 2648 ex
558 2601 949 2663 repraesentatione
987 2599 1171 2656 Israelis,
1204 2601 1335 2666 quod
1366 2601 1425 2649 fit
1458 2602 1637 2648 bonum
1672 2600 1900 2664 spirituale
1932 2620 1958 2650 e
1992 2608 2202 2664 naturali,

220 2669 281 2716 de
315 2683 405 2733 qua
438 2667 669 2728 11:5801.
706 2672 856 2730 5Qo3.'
889 2665 1034 2730 5806.
1071 2670 1219 2728 5812.
1255 2671 1400 2732 5817.
1439 2670 1585 2730 5819.
1622 2668 1767 2728 5826.
1803 2671 1970 2733 5833;
2019 2670 2200 2737 &quia

222 2734 311 2782 hoc
337 2736 530 2788 bonum,
565 2732 691 2796 quod
715 2730 844 2781 Israel
867 2732 1172 2796 repraesentat,
1208 2732 1273 2779 est
1296 2733 1472 2780 bonum
1496 2731 1622 2789 veri,
1659 2732 1764 2780 ideo
1803 2735 1877 2783 hic
1912 2735 2078 2784 dicitur
2119 2741 2198 2787 bo-

209 2797 338 2849 ‘num
356 2798 450 2846 veri
477 2797 740 2862 spiritualis:
778 2797 1053 2846 Israel'enim
1078 2797 1123 2844 in
1147 2799 1352 2860 genuino
1373 2797 1495 2854 sensu
1518 2796 1583 2844 est
1616 2797 1815 2846 Ecclesia
1851 2800 2108 2863 spiritualis,
2144 2807 2194 2854 δε

211 2863 400 2925 Δξ>οῐ1ιιιτι
423 2864 548 2930 quod
574 2863 636 2912 est
670 2863 792 2912 illius
815 2861 1043 2919 Ecclefiae,
1077 2864 1339 2912 est'bonum
1367 2865 1463 2912 veri
1484 2884 1499 2918 ς
1536 2863 1814 2912 instruuntur
1834 2866 1957 2914 enim
1981 2869 2039 2916 de
2065 2872 2193 2927 Bono

207 2928 302 2994 'per
325 2933 522 2987 Verum,
558 2930 608 2981 &
629 2941 739 2978 cum
768 2929 941 2977 faciunt
971 2927 1220 2983 secundum
1243 2929 1420 2993 Verum
1458 2930 1506 2978 in
1545 2946 1639 2994 quo
1678 2930 1882 2980 instrueti
1926 2932 2044 2992 sunt,
2081 2949 2192 2985 tunc

210 2996 393 3053 'Verum
421 2996 535 3044 illud
558 3009 745 3044 vocatur
766 2996 948 3047 Bonum
969 3013 986 3050 ς
1023 2995 1112 3042 hoc
1140 2997 1316 3044 bonum
1344 2996 1410 3044 est
1431 2995 1614 3044 Bonum
1650 2997 1778 3062 quod
1801 3009 1986 3047 vocatur
2009 3001 2189 3052 Bonum

216 3059 351 3120 Veri,
384 3064 436 3112 &
458 3061 802 3127 repraesentatur
822 3077 904 3126 per
926 3059 1152 3116 Israelem.

287 3128 432 3188 6278.
450 3129 549 3177 'Ab
573 3129 650 3176 illo
671 3144 746 3179 me
769 3128 906 3192 usque
928 3127 984 3175 ad
1007 3127 1294 3185 diemhunc,
1328 3126 1454 3192 quod
1479 3124 1708 3189 'lignis-icet
1745 3131 1979 3188 continue,
2015 3134 2190 3184 constat

211 3206 272 3239 ex
306 3191 631 3254 significatione
664 3194 801 3251 bodie
840 3195 890 3243 ὅτ
929 3193 987 3242 ad
1026 3193 1153 3250 diem
1177 3195 1314 3252 hunc,
1349 3194 1477 3258 quod
1502 3193 1555 3241 fit
1578 3206 1853 3260 perpetuum
1873 3198 2185 3255 &aeter-num,

200 3259 266 3309 de
286 3273 375 3323 qua
397 3274 459 3307 n:
498 3264 642 3324 2838.
665 3275 817 3327 4304.
843 3259 1007 3326 6165,
1041 3260 1117 3308 hic
1139 3259 1294 3375 itii-:que
1331 3261 1387 3308 ab
1410 3259 1489 3310 illo
1513 3266 1653 3325 nique
1690 3262 1748 3310 ad
1772 3261 1900 3312 diem
1921 3263 2059 3322 hunc,
2096 3267 2186 3328 fig-

160 3326 164 3329 “
1235 3340 1261 3375 e
1282 3341 1309 3375 e
1341 3341 1369 3376 ε
2037 3331 2191 3379 nificat
