2606 3646
319 203 635 298 CAPUT
684 156 1555 288 QUADRAGESIMUM
1603 176 2086 271 TERTIUM.
2156 223 2286 296 197

282 337 515 404 loquelam
548 347 693 398 quam
712 346 794 395 per
822 329 986 379 faciem
1007 352 1023 385 ς
1057 331 1196 380 talem
1213 330 1374 379 faciem
1405 331 2011 397 habueruntAntiquiffimi‚
2037 335 2115 397 qui
2140 351 2162 380 a
2180 350 2278 383 coe-

281 405 381 454 lesti
401 395 850 457 Ecclesiafffuerunt3
885 399 937 446 ac
957 399 1096 446 talem
1122 399 1288 446 faciem
1313 397 1482 446 habent
1505 414 1666 445 omnes
1690 399 1884 460 Angeli,
1920 416 2026 446 narn
2052 401 2165 448 nihil
2190 418 2275 449 vo·

278 472 384 520 lunt
403 481 557 516 coram
579 464 677 514 aliis
699 465 841 514 celare
865 463 980 529 quid
999 465 1222 527 cogitant,
1258 466 1466 527 cogitant
1488 464 1615 516 enirn
1640 481 1732 512 non
1757 465 1839 514 nifi
1862 481 2006 530 quam
2031 469 2142 514 bene
2164 483 2275 530 erga

279 529 571 602 proilimurn,
607 547 706 600 nec*
725 531 927 597 aliquam
954 531 1174 580 latentem
1208 531 1536 594 cogitationem
1574 532 1759 589 habent,
1793 545 1842 580 ut
1877 533 2096 596 proximo
2128 535 2275 583 velint

276 605 394 651 bene
416 611 605 666 propter
627 598 672 646 se
693 616 706 646 ε
740 610 787 646 at
810 596 1066 655 infernaleS‚
1101 595 1214 648 dum
1239 614 1331 645 non
1357 597 1403 645 in
1424 599 1521 646 luce
1537 597 1645 645 coeli
1672 612 1910 663 apparent,
1946 598 2080 647 aliam
2106 600 2270 649 faciem

276 669 448 717 habent
475 680 617 731 quam
641 681 746 731 quae
770 664 1058 713 interioribus
1089 663 1441 728 correspondet;
1474 664 1603 712 causa
1626 664 1708 721 est,
1741 664 1848 730 quia
1872 665 1919 712 in
1953 665 2048 713 vita
2069 669 2273 730 corporis

273 734 421 784 testati
446 733 550 782 sunt
564 733 830 781 charitatem
848 747 956 796 erga
971 732 1240 795 proximum
1258 729 1408 780 solum
1426 730 1492 779 sui
1509 730 1695 779 honoris
1710 731 2031 780 &lucricausa
2054 748 2135 795 per
2158 734 2266 782 faci-

276 815 376 861 em,
412 800 463 850 δε
495 812 647 848 tamen
667 798 887 862 nusquam
911 799 1155 848 voluerunt
1176 797 1395 862 proximo
1417 798 1551 854 bene,
1586 797 1670 846 nifi
1695 810 1920 863 quantum
1948 799 2027 846 fibi
2056 797 2229 855 faveret
2251 821 2270 857 ·,

269 868 377 917 inde
397 867 634 932 dispositio
663 865 794 913 faciei
816 880 977 913 eorum
998 863 1152 913 contra
1174 863 1404 920 interiora,
1426 863 1579 929 quand
1647 879 1703 914 ue
1728 865 1866 929 usque
1887 864 2019 922 adeo,
2045 878 2094 913 ut
2113 866 2268 916 inimi-

269 935 411 993 citiae,
443 934 567 990 odia,
595 931 839 990 vindistae,
873 932 1165 996 &cupiditas
1188 930 1393 987 necandi,
1430 931 1515 979 fint
1535 879 1674 989 inffis,
1709 932 1760 979 &
1782 945 1935 979 tamen
1959 930 2091 980 facies
2113 933 2268 996 dispo-

270 1003 353 1051 sita
368 1011 420 1051 ut
437 1000 544 1049 inde
566 998 744 1047 elucent
764 1013 895 1046 amor
925 1014 1033 1064 erga
1066 997 1216 1047 illum.
1285 997 1395 1044 Inde
1433 997 1631 1046 constare
1665 997 1830 1062 potest,
1864 1010 2086 1063 quantum
2126 999 2268 1049 hodie

268 1068 476 1117 diffident
489 1067 699 1115 interiora
717 1065 776 1114 ab
790 1065 1088 1114 exterioribus
1107 1081 1119 1111 :
1155 1075 1438 1130 quapropter
1456 1063 1616 1112 talium
1632 1063 1882 1112 ministeria
1899 1065 2130 1114 ambiunt.

336 1134 482 1198 5696.
525 1133 592 1182 Et
621 1131 785 1188 exivit,
830 1132 959 1196 quod
993 1131 1220 1196 significet
1252 1147 1335 1194 per
1368 1130 1693 1188 remotionem,
1738 1131 1912 1179 constat
1946 1147 2003 1177 ex
2036 1131 2263 1193 fignifica-

266 1201 394 1250 tione
415 1201 555 1256 exire,
589 1199 718 1266 quod
740 1197 816 1246 hic
837 1199 893 1246 fit
912 1198 1129 1255 remotio,
1164 1213 1271 1246 nam
1288 1196 1434 1262 quise
1453 1209 1680 1254 removet,
1715 1196 1810 1246 exit
1831 1197 1904 1246 seu
1931 1199 2100 1247 recedit
2121 1200 2178 1246 ab
2199 1202 2264 1248 al-

263 1282 380 1318 tero.
452 1268 545 1315 Res
568 1265 630 1314 ita
651 1265 698 1313 in
722 1263 847 1313 sensu
881 1265 1060 1313 interno
1093 1264 1136 1312 se
1169 1264 1322 1320 habet,
1358 1279 1442 1327 per
1457 1262 1712 1331 Joseplium
1735 1265 1784 1311 in
1806 1263 1930 1313 sensu
1954 1265 2166 1330 supremo
2191 1265 2265 1316 re·'

266 1334 568 1400 praesentatur
597 1332 852 1389 DominuS‚
889 1347 971 1396 per
991 1332 1151 1380 decem
1176 1329 1294 1378 filios
1319 1329 1490 1379 Israelis
1512 1345 1618 1377 vera
1640 1331 1691 1379 ὅτ
1713 1331 1832 1378 bona
1855 1331 1900 1380 in
1924 1333 2114 1380 naturali
2136 1335 2259 1397 apud

267 1402 370 1450 illos
392 1402 476 1466 qui
498 1411 834 1463 regenerantur,
869 1413 952 1461 per
982 1395 1294 1460 Benjaminem
1318 1407 1474 1452 autem
1508 1396 1748 1451 medium3
1785 1397 2091 1447 misericordia
2124 1416 2180 1448 ex
2214 1418 2261 1448 a-

265 1483 396 1527 more
417 1466 483 1514 est
505 1481 614 1527 erga
638 1464 854 1513 Medium
879 1499 894 1521 ‚
930 1464 1039 1528 quia
1062 1479 1145 1527 per
1162 1462 1278 1510 illud
1301 1476 1621 1524 regenerantur
1636 1463 1713 1511 illa
1735 1478 1845 1527 quae
1867 1463 2142 1520 infrasunt3
2180 1467 2258 1516 sed

265 1533 464 1583 Domini
487 1548 619 1580 amor
641 1531 693 1579 &
716 1529 1019 1578 misericordia
1041 1545 1134 1578 non
1150 1540 1355 1594 apparet,
1392 1540 1641 1593 antequam
1665 1545 1746 1594 per
1763 1529 1970 1578 medium
1994 1530 2257 1595 conjunctio

266 1600 384 1648 faeta
406 1599 472 1648 est
491 1621 517 1661 3>
539 1598 799 1662 disponitur
820 1597 958 1646 etiarn
976 1598 1105 1645 itaut
1127 1612 1221 1644 non
1244 1608 1475 1660 appareat,
1512 1595 1543 1643 si
1568 1595 1693 1644 enim
1722 1609 1974 1660 appareret,
2013 1614 2105 1646 non
2128 1616 2265 1663 rege--

180 1719 184 1721 ,
264 1662 439 1716 rietatio
464 1665 561 1713 fieri
584 1664 762 1729 posset:
798 1663 1032 1726 dispositio
1050 1664 1106 1711 fit
1121 1678 1205 1728 per
1217 1663 1522 1711 remotionem
1537 1664 1589 1710 δε
1605 1662 1972 1722 occultationem,
2009 1681 2101 1712 non
2126 1665 2257 1728 quod

262 1733 500 1784 Dominus
523 1747 729 1795 unquam
755 1729 1120 1778 Misericordiam
1134 1741 1366 1778 removeat
1386 1741 1467 1777 aut
1487 1729 1704 1786 occultet,
1740 1729 1814 1778 sed
1838 1746 1943 1779 cum
1968 1731 2004 1778 is
2027 1733 2107 1797 qui
2133 1748 2260 1795 rege-

262 1813 445 1850 neratur
463 1799 727 1847 immittitur
753 1797 798 1844 in
822 1796 900 1845 sua
925 1797 1058 1852 mala,
1086 1809 1195 1844 tunc
1217 1809 1404 1860 apparet
1426 1797 1467 1844 ei
1492 1795 1726 1844 Dominus
1748 1797 1860 1845 ficut
1882 1811 2081 1846 remotus
2106 1801 2156 1847 &
2178 1816 2256 1848 oc-

261 1868 476 1923 cultatus,
519 1866 624 1913 sunt
663 1863 783 1911 mala
820 1880 929 1926 quae
953 1864 995 1910 se
1027 1864 1342 1928 interponunt,
1387 1865 1438 1911 &
1475 1862 1522 1909 id
1559 1861 1764 1918 faciunt3
1801 1865 1910 1911 ficut
1942 1868 2255 1929 comparative

264 1934 417 1982 densae
439 1933 581 1980 nubes
596 1947 703 1996 quae
728 1930 771 1977 se
803 1931 963 1978 sistunt
986 1930 1104 1996 inter
1126 1930 1285 1987 solem,
1320 1931 1372 1978 &
1394 1929 1551 1978 sistunt
1574 1929 1820 1978 absentiam
1843 1930 1935 1995 ejus
1953 1947 2003 1978 ac
2023 1933 2156 1981 illum
2179 1950 2255 1982 oc-

264 2001 440 2050 cultant
459 2018 469 2047 :
506 2000 607 2046 haec
629 1997 874 2047 occultatio
897 1998 948 2044 ὅτ
970 1997 1169 2044 remotio
1191 1996 1271 2052 est,
1307 2013 1413 2061 quae
1435 1995 1722 2060 intelligitur.
2098 2054 2101 2055 ⁷
2126 2003 2130 2009 ’

330 2069 475 2133 5697.
515 2065 580 2113 Et
607 2062 834 2113 continuit
859 2063 919 2120 se,
957 2064 1087 2128 quod
1117 2062 1339 2125 significet
1358 2061 1728 2120 occultationem,
1751 2061 1922 2111 constat
1944 2080 2002 2112 ex
2025 2066 2250 2130 fignifica-

264 2134 390 2183 tione
420 2134 656 2182 continere
689 2131 750 2186 se,
773 2130 910 2195 'quod
935 2130 988 2176 fit
1006 2131 1244 2186 occultare,
1280 2145 1386 2176 nam
1410 2130 1492 2194 qui
1518 2129 1561 2176 se
1582 2130 1805 2184 continet,
1840 2133 1878 2177 is
1900 2133 2098 2181 occultat
2134 2137 2252 2199 quid

262 2194 461 2250 interius*
475 2200 629 2248 voluit
651 2216 662 2246 :
698 2197 812 2263 quid
838 2212 917 2261 per
949 2197 1305 2246 occultationem
1331 2196 1404 2244 hic
1430 2195 1720 2262 intelligitur,
1757 2197 1960 2246 videatur
1983 2214 2095 2248 mox
2119 2201 2252 2272 supra

265 2285 325 2316 n‘:
383 2271 412 2316 6
451 2267 498 2319 6.
638 2266 640 2268 i
1064 2287 1066 2290 ’

331 2286 476 2398 556998.
513 2332 578 2380 Et
595 2333 730 2391 dixit,
767 2333 928 2398 ponite
951 2349 1137 2399 panem,
1171 2335 1301 2400 quod
1325 2334 1548 2400 significet
1566 2331 1904 2398 perceptionem
1921 2332 2252 2396 conjunctionis

260 2417 344 2466 per
379 2401 595 2451 Medium
618 2416 726 2448 cum
753 2402 864 2449 veris
888 2404 934 2448 in
960 2403 1169 2462 naturali,
1204 2403 1377 2450 constat
1400 2419 1455 2449 ex
1480 2402 1811 2463 significatione
1845 2400 2010 2456 dicere,
2044 2404 2170 2465 quod
2194 2404 2248 2450 fit

258 2470 518 2532 perceptio,
545 2467 603 2513 de
625 2483 717 2530 qua
747 2468 911 2532 saepius
933 2471 1058 2532 prius
1076 2490 1092 2524 3
1127 2470 1178 2516 δε
1199 2485 1257 2516 ex
1283 2469 1802 2547 significationefflonere
1825 2481 2009 2528 panem,
2047 2470 2173 2531 quod
2194 2471 2248 2518 fit

260 2535 525 2600 conjunctio
554 2549 638 2598 per
667 2534 873 2582 medium
897 2551 1001 2582 cum
1027 2535 1143 2582 veris
1166 2537 1212 2581 in
1233 2535 1438 2597 naturali,
1474 2551 1557 2597 per
1578 2548 1746 2597 ponere
1769 2549 1936 2594 panem
1971 2533 2265 2598 intelligitur·

248 2603 352 2666 ‘ipsa
391 2596 721 2657 commessatio,
754 2602 806 2648 &
832 2617 912 2664 per
933 2601 1327 2648 commessationes
1350 2602 1400 2649 δε
1423 2600 1634 2647 convivia
1670 2600 1945 2661 significatur
1966 2598 2246 2662 conjnnfiim

259 2669 306 2716 in
331 2669 473 2733 specie
497 2667 695 2715 initiatio
712 2667 768 2714 ad
787 2666 1177 2731 conjunctionem,
1214 2684 1270 2715 n:
1300 2668 1444 2730 3596.
1468 2670 1611 2730 3832.
1633 2668 1756 2726 5161
1784 2686 1798 2719 3
1834 2666 1957 2729 quod
1982 2667 2247 2723 conjunctio

255 2753 337 2801 per
363 2735 571 2784 medium
594 2748 700 2780 cum
723 2735 840 2780 veris
865 2735 910 2780 in
935 2734 1143 2791 naturali,
1179 2735 1382 2799 sequitur
1402 2749 1462 2782 ex
1487 2734 1608 2787 serie,
1644 2731 1882 2796 Benjamin
1908 2735 2029 2779 enini
2056 2736 2118 2780 est
2145 2753 2245 2782 mc-

253 2805 410 2861 dium,
447 2802 498 2851 &
527 2802 687 2848 decem
714 2799 796 2846 filii
823 2800 988 2862 Jacobi
1012 2800 1112 2848 sunt
1136 2817 1242 2848 vera
1262 2802 1311 2847 in
1337 2800 1544 2856 naturali,
1581 2811 1634 2846 ut
1653 2801 1779 2861 prius
1803 2798 1865 2845 est
1884 2799 2110 2848 ostensum
2136 2822 2149 2854 3
2190 2805 2242 2850 &

252 2870 364 2934 quia
387 2884 466 2935 per
489 2867 709 2914 Medium
725 2865 1006 2928 conjunctio,
1051 2881 1239 2930 propter
1259 2866 1572 2930 Benjaminem
1610 2865 1779 2920 visum,
1825 2865 2092 2913 mandatum
2130 2869 2192 2915 est
2216 2886 2240 2917 a

251 2931 457 3000 J'osepho
478 2945 532 2982 ut
551 2932 846 2981 comederent
867 2932 990 2995 apud
1009 2931 1138 2980 illum
1175 2942 1208 2963 “
1228 2934 1288 2982 Et
1301 2933 1652 2997 viditJosephus
1670 2949 1779 2980 cum
1807 2931 2235 2994 illisBenjaminem‚

254 3005 306 3052 δε
328 3002 446 3051 dixit
466 3001 508 3050 ei
537 3000 620 3064 qui
638 3001 771 3062 super
793 2999 936 3047 domo
959 2999 1050 3055 sua,
1085 2999 1236 3047 adduc
1259 3001 1380 3047 viros
1399 3000 1616 3055 domurn,
1651 3000 1699 3046 &
1726 2998 1970 3046 mactando
1993 3001 2155 3059 maela,
2186 3005 2244 3051 fic

257 3084 476 3132 praepara,
512 3069 619 3131 quia
643 3081 830 3115 mecum
853 3067 1098 3117 comedent
1135 3067 1222 3112 viri
1249 3066 1294 3112 in
1322 3066 1552 3113 meridie''
1590 3065 1731 3111 Vers:
1763 3067 1836 3113 16.

327 3135 469 3202 5699τ
506 3135 571 3184 Et
598 3133 843 3198 posuerunt
865 3133 929 3179 illi
952 3132 1050 3189 soli,
1085 3132 1247 3180 &illis
1267 3133 1387 3190 solis,
1425 3133 1554 3197 quod
1593 3132 1812 3195 significet
1845 3142 2080 3180 externam
2103 3149 2243 3197 appa-

256 3213 467 3264 rentiam,
501 3201 626 3266 quod
648 3201 888 3250 Internum
911 3200 1032 3265 quafi
1055 3198 1307 3268 separatum
1325 3200 1381 3249 ab
1398 3199 1506 3260 illis,
1543 3197 1716 3248 constat
1734 3213 1789 3248 ex
1806 3197 2136 3261 significatione
2157 3218 2244 3264 po-

2131 3283 2244 3316 nsre
