2566 3640
291 205 432 272 430
654 178 1144 253 G·E-N
1269 177 1526 259 Er‘S
1656 174 1704 251 I
1833 178 1896 252 »52

294 326 450 376 parata
474 311 620 361 sunta
643 313 874 370 charitate,
921 312 1000 376 qui
1026 312 1332 376 significantur
1367 311 1441 360 hic
1478 326 1557 376 per
1589 312 1883 374 ‘Reuben'enu
1932 309 2274 372 Schirneonem‚

298 381 347 426 &z
374 380 496 427 Levi
519 403 532 435 ·,
568 393 645 427 aut
669 381 724 426 de
749 380 852 436 illis,
888 380 969 442 qui
990 380 1033 426 in
1055 384 1175 426 bono
1193 377 1363 426 coelesti
1389 377 1491 425 sunt
1513 379 1564 425 Sc
1589 378 1897 442 significantur
1922 395 1999 442 per
2019 379 2272 441 Jehud'am,

299 462 399 494 tum
426 447 538 511 quid
564 449 619 493 de
640 446 725 493 illis
748 447 826 509 qui
853 446 898 492 in
924 448 1045 492 bono
1071 444 1308 508 spirituali,
1357 444 1437 506 qui
1458 443 1767 504 significantur
1791 442 2143 510 perj'osephum
2166 467 2180 503 3
2216 449 2278 494 ita

301 529 488 577 quoque
513 514 568 560 de
594 513 675 559 illis
705 514 782 574 qui
809 511 853 558 in
877 512 1036 558 talibus
1060 527 1169 576 quae
1193 510 1498 574 significantur
1520 523 1600 574 per
1624 507 1834 574 reliquos·
1897 566 1900 568 v

371 580 515 639 534¹·
554 578 685 630 Vers:
708 594 752 639 3.
775 597 819 636 4.
873 578 1045 626 Reuben
1058 579 1365 642 primogenitus
1382 592 1513 633 meus,
1537 587 1584 624 tu
1603 576 1736 630 robur
1749 580 1883 624 meum
1898 613 1914 635 ,
1949 577 2274 642 &principium

267 697 270 700 ⁴
300 648 463 691 virium
484 661 689 698 mearum,
725 644 918 691 excellens
939 643 1174 702 eminentia,
1200 642 1257 692 δέ
1273 643 1469 691 excellens
1486 644 1652 691 valore.
1722 643 1857 690 Levis
1860 643 1974 704 stcut
1989 656 2116 708 aqua,
2152 661 2205 694 ne
2226 662 2277 694 ex
2346 677 2353 681 -

298 711 441 765 cellas,
477 714 576 773 quia
594 708 810 772 ascendisti
828 710 983 759 cubilia
1001 705 1144 775 patris
1161 714 1241 765 tui,
1277 719 1377 763 tunc
1392 709 1682 772 prophanasti,
1705 708 1898 770 stratum
1922 725 2056 757 meum
2075 711 2272 772 ostendit.

300 778 494 824 Reuben
523 777 855 839 primogenitus
881 792 1024 833 meus,
1061 778 1282 840 fignificat
1307 777 1447 824 fidem
1472 792 1577 840 quae
1601 788 1867 839 apparenter
1890 776 2029 840 priori
2053 776 2186 824 l'o'c'o:
2227 788 2276 826 t'u

300 845 438 890 robur
457 859 627 897 meum,
665 842 884 901 fignificat
909 844 1034 905 quod
1063 861 1140 905 per
1165 845 1286 890 illam
1315 843 1514 906 potentia
1539 843 1691 890 bono:
1728 844 1777 890 &
1801 841 2082 906 principium
2109 841 2275 891 virium

299 925 522 966 mearum,
561 909 781 970 fignificat
799 910 925 971 quod
947 925 1026 973 per
1050 910 1174 958 illam
1200 911 1349 974 prima
1366 908 1568 972 potentia
1587 920 1697 955 v'ero
1721 908 1938 956 excellens
1964 909 2209 972 eminentia
2227 910 2278 959 δε
2301 956 2304 958 .

301 976 521 1023 excellens
556 979 724 1030 valore,
762 975 984 1038 significat
1005 979 1133 1040 quod
1154 979 1255 1025 inde
1275 977 1420 1037 gloria
1439 977 1488 1024 &
1507 975 1730 1039 potestas:
1769 975 1877 1023 levis
1896 975 2006 1022 ficut
2024 987 2154 1038 aqua,
2190 976 2280 1040 fig-

304 1043 459 1089 nificat
493 1041 619 1105 quod
651 1042 761 1088 fides
796 1042 886 1089 sola
921 1036 1011 1090 no'n
1050 1043 1155 1090 talia
1187 1043 1373 1090 habeat:
1426 1057 1481 1088 ne
1519 1042 1727 1099 excellas,
1781 1040 2001 1102 fignificat
2037 1057 2119 1089 nec
2151 1043 2282 1106 quod

299 1108 337 1154 ei
372 1108 513 1169 gloria
544 1109 594 1155 ὅτ
630 1106 847 1170 potestas:
906 1111 1016 1172 quia
1049 1108 1275 1156 ascendisti
1307 1108 1477 1156 cubilia
1510 1107 1646 1170 patris
1681 1107 1764 1164 tui,
1818 1106 2041 1171 fignificat
2071 1107 2178 1172 quia
2211 1108 2276 1156 se-

298 1188 457 1236 parata
495 1189 520 1220 a
559 1174 683 1220 bono
719 1173 846 1237 quod
890 1174 1116 1222 charitatis
1157 1175 1326 1223 faedam
1363 1173 1735 1238 conjunffionem
1774 1173 1959 1221 habeat:
2025 1185 2132 1223 tu'nc
2170 1187 2277 1238 p'ro-

297 1237 519 1303 phanasti,
595 1239 818 1300 fignificat
863 1239 895 1287 fi
939 1239 1179 1304 conjunfta'
1221 1257 1327 1289 cum
1377 1241 1515 1297 malo,
1572 1240 1698 1302 quod
1725 1240 2018 1305 prophanum
2040 1258 2050 1287 :
2093 1238 2277 1290 stratum

300 1323 459 1354 meum
504 1306 718 1363 ascendit,
776 1306 1000 1369 fignificat
1041 1311 1148 1373 quia
1191 1307 1518 1356 contaminavit
1567 1307 1741 1355 bonum
1785 1306 2013 1371 spirituale
2060 1307 2108 1354 in
2149 1322 2279 1356 natu·

304 1373 399 1419 rali.
2085 1377 2096 1387 ’

368 1439 515 1501 6342.
533 1437 721 1484 Reuben
740 1437 1074 1502 primogenitus
1092 1455 1235 1495 mem,
1251 1440 1376 1505 quod
1394 1440 1614 1502 significet
1629 1441 1770 1490 fidem
1789 1456 1892 1504 quae
1910 1450 2179 1503 apparenter
2189 1439 2282 1504 pri-

299 1505 367 1552 ori
387 1506 502 1560 loco,
521 1504 692 1556 constat
707 1520 761 1551 ex
775 1505 1169 1568 repraesentatione
1181 1506 1427 1563 Reubenis‚
1448 1506 1573 1571 qu'od
1592 1508 1643 1554 sit
1659 1509 1771 1555 fides
1786 1505 2030 1563 intelleelm
2054 1506 2111 1553 de
2122 1522 2211 1570 qua
2227 1522 2279 1554 n:

305 1572 448 1634 3861.
469 1571 620 1632 3866:
641 1571 911 1618 &confessio
926 1573 1034 1619 fidei
1050 1573 1275 1634 Ecclefiae⁸
1293 1574 1337 1620 in
1355 1573 1612 1629 communi,
1650 1588 1705 1620 n.-
1721 1573 2198 1635 4731.4734.4761;
2232 1573 2284 1629 8ζ

298 1654 358 1684 ex
375 1636 702 1702 significatione
719 1637 1041 1701 primogeniti,
1062 1638 1399 1702 quodfitpriori
1416 1638 1518 1687 loco
1532 1639 1638 1695 effe,
1663 1640 1719 1686 de
1735 1655 1824 1701 qua
1839 1653 1891 1684 n:
1914 1655 1939 1700 3
1948 1653 2005 1704 32
2014 1655 2040 1698 5
2058 1657 2073 1692 ς
2099 1650 2142 1685 at
2156 1638 2282 1702 quod

299 1702 484 1750 fides‘fit
505 1701 645 1766 priori
675 1702 778 1750 loco
808 1718 899 1751 non
931 1705 1011 1752 nis1
1030 1719 1170 1769 quam
1188 1715 1469 1768 apparenter,
1506 1704 1715 1753 videatur
1733 1720 1782 1751 n:
1805 1718 1948 1766 3539.
1970 1720 1994 1766 3
2003 1707 2112 1764 548.
2136 1705 2281 1767 3556.

303 1771 450 1883 3563.
472 1784 615 1882 36570.
635 1770 779 1832 3576.
799 1770 1107 1834 3603.3701.
1125 1787 1269 1834 4925.
1289 1771 1434 1835 4926.
1454 1774 1768 1836 4928.-493o.
1788 1779 1934 1833 4977,
1956 1770 2103 1831 6256.
2129 1771 2276 1836 6269.

340 1854 363 1884 2
440 1871 451 1883 .
519 1850 543 1881 2
586 1851 630 1883 2.

350 1851 520 1964 ΞΞ43.
553 1850 640 1950 ΖΓυ
666 1901 802 1949 robur
824 1918 1004 1961 meum,
1052 1902 1179 1968 quod
1211 1903 1435 1966 significet
1467 1902 1592 1967 quod
1624 1919 1707 1967 pet
1742 1902 1867 1950 illam
1900 1901 2103 1966 potentia
2137 1903 2281 1961 bono,

301 1967 472 2015 constat
495 1983 552 2014 ex
574 1967 964 2031 repraesentatione
991 1969 1212 2026 Rubenis,
1248 1971 1329 2032 qui
1350 1970 1424 2017 hic
1448 1969 1513 2017 est
1537 1970 1632 2032 Tu,
1672 1969 1795 2035 quod
1821 1969 1874 2018 sit
1897 1969 2006 2016 fides
2030 1969 2279 2027 in'tellestu,

303 2035 361 2081 de
385 2050 473 2097 qua
498 2050 611 2082 mox
636 2035 765 2097 supra
790 2052 845 2082 n:
875 2036 1037 2098 6342;
1073 2038 1123 2084 ὅτ
1154 2052 1211 2083 ex
1245 2037 1571 2099 significatione
1606 2036 1796 2092 roboris,
1843 2034 1972 2099 quod
2001 2035 2054 2082 fit
2079 2037 2283 2098 potentia

303 2117 412 2165 quae
438 2101 589 2148 bono:
626 2101 756 2165 quod
781 2103 1036 2166 potentiam
1059 2103 1232 2159 attinet,
1271 2119 1435 2167 nempe
1459 2102 1716 2166 potentiam
1742 2101 1975 2163 cogitandi
2000 2102 2050 2148 &
2077 2102 2282 2159 volendi,

303 2166 603 2231 percipiendi,
652 2169 829 2216 bonum
852 2167 1066 2226 faciendi,
1113 2169 1342 2226 credendi,
1390 2170 1624 2233 diffipandi
1649 2169 1752 2216 falsa
1775 2169 1825 2216 δε
1851 2168 1986 2223 mala,
2035 2168 2286 2226 illaomnis

304 2233 368 2280 est
386 2232 443 2280 e'x
467 2233 591 2280 bono
616 2248 694 2296 per
712 2249 890 2292 verum,
935 2237 1110 2284 bonum
1136 2234 1198 2282 est
1223 2235 1488 2299 principale,
1525 2237 1575 2284 &
1593 2252 1754 2284 verum
1772 2234 1834 2283 est
1854 2233 1996 2282 modo
2013 2233 2286 2283 instrumen-

306 2299 411 2361 tal'e‚
448 2316 505 2346 n:
534 2314 677 2363 3503.
702 2316 795 2364 493
811 2319 849 2349 ι.
876 2303 939 2364 56
948 2319 968 2349 ι
977 2319 1020 2366 3.
1094 2302 1240 2365 Qod
1266 2303 1542 2364 significetur
1565 2302 1769 2366 potentia
1787 2316 1896 2364 quae
1919 2302 2058 2357 bono,
2095 2302 2160 2350 est
2177 2301 2288 2366 quia

306 2367 446 2414 robur
470 2365 595 2413 illam
620 2367 868 2429 potentiam
894 2369 1133 2433 fignificat,
1167 2379 1214 2415 at
1236 2368 1352 2415 vires
1377 2369 1633 2432 potentiam
1655 2366 1770 2426 veri,
1809 2367 1915 2415 inde
1937 2366 2016 2424 est,
2053 2367 2182 2432 quod
2207 2383 2289 2431 per

306 2432 584 2497 principium
608 2431 778 2480 virium
802 2449 1025 2491 mearum,
1060 2446 1110 2482 ut
1135 2449 1245 2483 mox
1265 2434 1475 2498 sequitur,
1510 2435 1789 2500 fignificetur
1813 2433 1962 2498 prima
1986 2434 2189 2496 potentia
2210 2450 2290 2482 ve-

308 2515 392 2554 ro·,
443 2514 538 2546 vox
562 2500 707 2555 enim,
758 2515 840 2563 per
861 2518 1006 2566 quam
1031 2502 1353 2564 exprimuntur
1375 2502 1493 2549 vires
1517 2518 1562 2551 m
1588 2501 1772 2564 Lingua
1794 2499 2023 2563 originali,
2060 2502 2107 2548 in
2130 2501 2288 2550 Verbo

308 2565 583 2628 praedicatur
607 2564 663 2611 de
688 2566 832 2624 Vero,
886 2581 930 2616 at
953 2584 1048 2615 vox
1073 2583 1153 2631 per
1175 2582 1313 2631 quam
1338 2568 1610 2630 exprimitur
1632 2569 1786 2625 robur,
1823 2566 2098 2630 praedicatur
2119 2567 2176 2615 de
2194 2567 2286 2615 'bo-

311 2647 408 2687 n0.,
458 2630 605 2698 Qod
629 2631 838 2680 Verbum
863 2634 917 2681 fit
942 2633 1163 2691 sanetum,
1215 2650 1266 2682 ac
1292 2634 1613 2682 lanffiffimum
1638 2634 1682 2681 in
1709 2633 1996 2681 interioribus
2021 2633 2127 2692 suis,
2163 2643 2287 2697 patet

309 2695 541 2744 manifeste
565 2713 621 2744 ex
641 2712 712 2753 eo,
747 2700 873 2761 quod
895 2701 944 2748 ⁴in
970 2700 1157 2763 fingulis
1170 2699 1311 2747 Verbi
1337 2700 1388 2747 fit
1411 2700 1680 2764 conjugium
1704 2698 1902 2756 coeleste,
1938 2715 2106 2764 nempe
2129 2698 2284 2761 conju-

313 2762 447 2826 gium
473 2763 581 2810 boni
608 2764 656 2810 Sc
680 2766 793 2820 veri,
838 2765 899 2813 ita
922 2766 1111 2813 Coelum
1133 2787 1146 2821 ;
1181 2767 1230 2814 &
1256 2766 1380 2830 quod
1407 2766 1453 2813 in
1478 2766 1647 2814 intimo
1671 2766 1794 2821 sensu
1820 2767 1864 2814 in
1891 2765 2154 2828 singulis'fit
2175 2772 2286 2812 c‘o'n-

305 2827 491 2890 jugium
514 2828 680 2876 Divini
697 2829 909 2879 Humani
929 2831 1124 2879 Domini
1142 2848 1246 2879 cum
1265 2832 1432 2895 Regno
1446 2831 1587 2896 Ipfius
1604 2834 1655 2881 &
1675 2831 1875 2880 Ecclefia
1892 2832 1988 2880 imo
2013 2831 2285 2894 in‘supremo

312 2893 438 2941 sensu
463 2895 588 2957 quod
612 2895 664 2941 fit
686 2896 794 2943 unio
809 2897 952 2960 Ipfius
968 2898 1130 2946 Divini
1153 2914 1204 2946 ac
1224 2899 1387 2947 Divini
1404 2899 1617 2947 Humani
1642 2899 1687 2946 in
1711 2898 1920 2946 Domino
1940 2919 1954 2953 3
1990 2898 2090 2945 haec
2113 2895 2289 2944 sanstis-

312 2960 424 3007 fima
448 2960 599 3008 insunt
622 2961 807 3023 fingulis
830 2964 971 3010 Verbi
993 2985 1007 3019 ;
1060 2964 1347 3012 manifestum
1373 2964 1616 3022 indicium,
1669 2965 1793 3027 quod
1816 2964 2007 3012 verbum
2030 2967 2089 3010 ex'
2109 2962 2288 3010 Divino

313 3025 593 3072 descenderit
613 3043 622 3071 :
659 3028 784 3089 quod
808 3029 871 3078 ita
889 3030 970 3087 fit,
993 3031 1195 3078 constare
1218 3031 1364 3094 potest
1382 3047 1438 3077 ex
1461 3047 1532 3087 eo,
1568 3033 1698 3096 quod
1721 3030 1800 3078 ubi
1823 3029 1990 3077 dicitur
2012 3027 2070 3076 de
2094 3029 2217 3076 bono
2240 3045 2289 3078 e-

312 3091 425 3139 tiam
443 3090 612 3138 dicatur
630 3090 686 3138 de
703 3108 827 3152 vero,
863 3096 911 3143 &
932 3095 1010 3144 ubi
1028 3096 1193 3146 dicitur
1210 3098 1268 3143 de
1287 3096 1468 3144 Interno
1486 3097 1625 3144 etiam
1643 3096 1815 3144 dicatur
1831 3096 1889 3142 de
1907 3093 2115 3142 Externo
2134 3115 2149 3149 ς
2187 3097 2291 3143 {unt

266 3195 273 3199 .
304 3158 446 3206 etiarn
472 3172 622 3212 voceS,
657 3172 764 3219 quae
786 3161 1039 3209 constanter
1064 3162 1318 3224 significant
1344 3164 1543 3220 bonum,
1580 3164 1783 3210 &voces
1806 3177 1914 3224 quae
1937 3161 2187 3210 constanter
2209 3177 2289 3208 ve·
2339 3194 2342 3195 γ

310 3239 436 3284 rum,
471 3224 521 3275 ὅτ
539 3236 676 3294 yoces
698 3238 802 3288 quae
826 3239 1070 3293 utrumque
1094 3239 1190 3279 tam
1208 3230 1382 3279 bonum
1403 3244 1547 3294 quam
1561 3243 1751 3285 verum;
1786 3227 1882 3278 &fi
1900 3242 1990 3278 non
2015 3227 2291 3341 fignificsann

2157 3309 2186 3341 u
2204 3307 2296 3356 que
