2566 3640
282 246 514 318 4004
625 219 708 290 “G
841 220 922 311 ,Ε
1054 222 1142 298 N
1259 221 1345 299 ,Ε
1480 223 1532 292 S·
1666 226 1721 292 I
1775 235 1783 248 '
1837 222 1913 309 S.
2027 233 2031 238 '
2117 230 2254 292 ‘15³

294 339 512 405 'josepho
545 338 898 395 adducebantur,
934 349 984 385 ut
1010 337 1238 402 sequitur·,
1273 339 1400 387 causa
1422 339 1505 396 est,
1541 341 1648 406 quia
1682 343 1739 390 [ic
1765 340 1963 389 influxus
1987 339 2152 388 amoris
2177 334 2242 384 est
2263 341 2290 388 a

306 405 499 456 Coelesti
525 408 709 455 Interno
742 421 823 469 per
848 406 1029 452 Bonum
1056 405 1300 467 Spirituale
1334 405 1380 452 in'
1415 407 1524 460 illa3
1561 408 1646 471 hoc
1679 409 1801 455 enim
1839 407 1903 454 est
1940 408 2184 456 secundum
2217 418 2293 454 or·-

306 475 465 524 dinem
487 496 519 530 3,
535 475 588 521 δε
610 474 713 519 inde
732 483 827 519 etat
851 472 938 519 hoc
958 471 1142 519 Rituale
1162 471 1436 528 Externum,
1475 489 1582 519 cum
1609 473 1998 532 benedicerentur,
2037 475 2183 523 stricte
2208 479 2302 529 ob-A

303 541 621 592 ·servandum;
658 538 919 585 fistebanttir
950 538 1075 585 enim
1117 550 1223 586 tunc
1258 554 1410 587 coram
1432 539 1663 594 Domum,
1693 542 1862 605 a3Qo
1888 542 2149 602 Praedictio,
2184 558 2294 606 quae

316 607 393 656 hic
414 605 697 667 fignificatur
732 620 809 668 per
829 604 1219 662 Benedictionem‚
1266 621 1297 651 n
1319 622 1330 651 ε
1352 606 1498 668 6254.
1576 603 1689 663 Inde
1716 601 1833 652 nune
1857 607 1937 662 est,
1964 608 2099 671 *quod
2121 609 2298 671 Joseph

316 673 500 721 {luxerit
551 672 671 720 filios
713 672 811 718 suos
852 687 876 718 a
919 671 1172 720 femoribus
1218 672 1360 735 patris
1399 671 1503 729 sui,
1534 668 1587 721 δι’
1631 671 1723 736 ipse
1770 672 1874 718 dein
1917 674 2155 723 adduxerit
2195 675 2295 722 illos

315 741 439 789 illuc.
544 754 546 756 ·

387 806 531 854 (3265.
572 805 635 853 Et
662 803 913 853 incurvavit
954 805 995 852 se
1019 805 1075 852 ad
1100 804 1259 852 faciem
1302 817 1485 862 terram,
1517 806 1650 870 quod
1685 805 1903 868 significet
1931 805 2297 855 humiliationem

317 873 520 928 illorum,
556 871 730 919 constat
769 889 792 917 a
819 871 1145 935 significatione
1168 875 1404 920 incurvare
1427 873 1467 921 se
1499 872 1732 920 adfaciem
1757 885 1940 928 terram,
1972 873 2100 936 quod
2126 872 2179 920 lit
2215 874 2298 921 hu-

319 939 514 988 miliatio
539 938 737 993 interior,
773 938 830 984 cle
853 955 942 1002 qua
965 955 1021 985 n:
1057 939 1223 1001 5682;
1261 938 1514 990 incurvatio
1549 941 1674 986 enim
1699 938 1797 986 talis
1836 938 1899 986 est
1939 953 2061 988 aetus
2099 940 2301 1004 corporis

313 1006 680 1069 correspondens
706 1005 1012 1054 humiliationi
1040 1006 1218 1062 mentis,
1244 1006 1360 1065 ¹inde
1399 1005 1464 1061 illi
1490 1005 1571 1069 qui
1615 1007 1659 1053 in
1684 1005 1946 1052 adoratione
1970 1007 2060 1053 Dei
2090 1022 2146 1052 ex
2170 1007 2306 1055 corde

324 1074 443 1129 sunt,
482 1072 540 1119 ita
564 1075 799 1119 incurvant
824 1071 879 1119 se.
949 1072 1210 1119 Incurvavit
1247 1071 1290 1118 se
1315 1071 1498 1128 dicitur,
1537 1072 1647 1136 quia
1687 1085 1782 1118 erat
1804 1071 2032 1135 josephus
2071 1089 2158 1136 pro
2199 1074 2303 1130 illis,

322 1156 417 1187 non
450 1152 558 1186 tunc
592 1154 745 1186 coram
772 1137 947 1194 Israele‚
984 1137 1057 1185 sed
1082 1154 1234 1185 coram
1255 1139 1484 1195 Domino,
1519 1154 1543 1185 a
1563 1139 1673 1203 Qo
1693 1138 1957 1186 Benedictio
1979 1154 2061 1202 per
2078 1138 2302 1187 Israelem.

317 1206 468 1268 Qod
497 1206 582 1252 boc
607 1203 849 1267 aJ0seph0
871 1203 1049 1252 factum
1073 1205 1125 1253 fit
1149 1220 1233 1268 pro
1255 1205 1357 1262 illis,
1380 1205 1446 1254 est
1460 1204 1568 1270 quia
1593 1204 1652 1252 ita
1676 1205 1718 1251 se
1742 1204 1877 1252 habet
1893 1204 1936 1252 in
1955 1205 2305 1269 Spiritualibus;

321 1275 497 1320 bonum
531 1272 773 1319 voluntarii
798 1272 848 1318 δε
874 1287 1034 1319 verum
1060 1271 1376 1320 intellectualis
1411 1273 1455 1320 in
1481 1270 1667 1320 naturali
1697 1287 1789 1319 non
1829 1270 1874 1318 se
1913 1287 1969 1318 ex
2004 1271 2047 1318 se
2069 1272 2305 1323 humiliare

323 1339 511 1405 poffunt
533 1353 686 1386 coram
714 1338 944 1394 Domino,
982 1337 1054 1385 sed
1091 1355 1148 1386 ex
1168 1339 1358 1386 Interno
1398 1355 1479 1402 per
1518 1338 1748 1386 influxum
1770 1334 1791 1393 3'
1820 1338 1992 1402 quippe
2029 1338 2197 1402 absque
2237 1340 2307 1387 in-

324 1406 452 1453 fluxu
492 1421 571 1468 per
607 1403 843 1453 Internum
879 1404 924 1451 in
960 1405 1177 1464 naturale,
1216 1405 1329 1454 nihil
1357 1405 1417 1454 ibi
1443 1405 1691 1453 voluntatis
1714 1407 1765 1453 &
1790 1405 2043 1453 intellectus
2059 1405 2140 1460 est,
2176 1406 2226 1454 ὅτ
2250 1421 2309 1453 ne

323 1472 514 1537 quidem
551 1471 724 1537 aliquid
750 1470 875 1530 vitae,
913 1487 1017 1518 nam
1041 1471 1275 1520 Internum
1301 1472 1364 1520 est
1387 1471 1616 1528 medium,
1651 1488 1733 1536 per
1755 1473 1882 1536 quod
1912 1473 2008 1521 vita
2045 1489 2070 1520 a
2097 1473 2308 1520 Domino

326 1541 407 1588 ibi.
713 1588 719 1589 a

396 1606 541 1672 6267.
581 1603 647 1652 Et
667 1605 844 1668 accepit
870 1604 1041 1670 Joseph
1065 1606 1225 1654 ambos
1248 1606 1367 1662 illos,
1404 1604 1716 1670 Ep'hraimurn
1742 1604 1786 1652 in
1811 1604 1971 1653 dextra
1997 1604 2070 1654 sua
2093 1621 2118 1653 a
2142 1604 2309 1653 finisti-a

327 1673 515 1730 Israelis,
567 1670 945 1736 quodffignificet
971 1688 1132 1720 verum
1159 1673 1471 1720 intelleetualis
1495 1686 1546 1719 ut
1571 1671 1764 1720 secundo
1785 1670 1907 1727 loco,
1960 1673 2010 1719 &
2029 1671 2323 1720 Menaschen

325 1741 377 1789 in
417 1739 584 1788 sinistra
603 1739 675 1786 sua
699 1755 725 1785 a
749 1738 908 1786 dextra
933 1735 1119 1796 Israelis,
1157 1738 1284 1803 quod
1305 1739 1526 1802 significet
1550 1737 1987 1786 bonum-voluntarii
2010 1739 2160 1802 primo
2190 1739 2310 1795 loco,

327 1806 505 1855 constat
522 1821 580 1854 ex
596 1803 990 1868 repraesentatione
1018 1805 1282 1868 Ephraimi,
1319 1806 1446 1869 quod
1470 1806 1525 1854 sit
1548 1821 1708 1852 verum
1728 1803 2055 1862 intelleEtualis,
2091 1806 2143 1853 δε
2159 1820 2225 1861 ,εκ
2244 1821 2311 1852 re-

327 1873 675 1938 praesentatione
696 1870 967 1928 Menaschis,
1003 1872 1129 1936 quod
1150 1872 1202 1919 fit
1221 1872 1395 1921 bonum
1422 1872 1688 1930 voluntarii,
1722 1870 1780 1919 de
1796 1886 1888 1935 qua
1904 1887 1934 1918 n
1949 1888 1964 1917 .·
1990 1887 2136 1934 5354.
2155 1872 2315 1927 62223

331 1942 384 1988 &
407 1955 462 1986 ex
487 1938 817 2001 significatione
855 1939 1065 1993 dextrae;
1100 1938 1229 2003 quod
1253 1938 1305 1997 sit
1328 1940 1485 2004 primo
1517 1939 1619 1988 loco
1651 1938 1754 1994 effe,
1806 1939 1856 1987 &
1893 1938 2080 1986 linistrae
2110 1938 2239 2002 quod
2261 1939 2314 1987 sit

328 2006 548 2062 secundo,
584 2018 633 2054 ut
653 2018 777 2069 patet
798 2005 857 2053 ab
879 2006 1007 2055 omni
1027 2004 1108 2052 usu
1130 2006 1178 2053 in
1195 2005 1306 2055 vita.
1377 2005 1634 2071 Qornodo
1656 2020 1763 2052 cum
1788 2003 1858 2052 his
1880 2004 1922 2053 se
1946 2004 2096 2062 habet,
2133 2008 2179 2053 in
2203 2022 2315 2054 mox

330 2073 626 2138 sequentibus
658 2071 842 2122 dicetur.

405 2140 551 2188 6268.
589 2138 654 2186 Et
677 2139 886 2187 accedere
922 2137 1028 2187 fecit
1065 2138 1122 2187 ad
1162 2155 1286 2199 eum,
1323 2141 1453 2207 qumod
1494 2139 1718 2204 fignificet
1751 2137 2110 2202 adjunffionem,
2144 2137 2316 2187 constat

329 2206 505 2271 absque
535 2205 855 2268 explicatione.
1055 2246 1063 2251 i

400 2273 558 2336 5269.
594 2271 659 2320 Et
682 2272 806 2330 misit
830 2271 962 2320 Israel
996 2272 1202 2322 dextram
1241 2274 1388 2333 suam,
1437 2275 1488 2323 &
1511 2273 1663 2338 posuit
1695 2278 1827 2338 super
1864 2272 2013 2337 capite
2053 2272 2318 2337 Ephraimi,

340 2340 472 2405 quod
509 2339 732 2403 significet
753 2339 880 2404 quod
905 2339 1057 2402 primo
1094 2340 1196 2389 loco
1233 2353 1464 2405 reputaret
1496 2357 1678 2400 verum,
1713 2340 1886 2390 constat
1907 2355 1966 2387 ex
1988 2339 2320 2402 significatione

343 2407 527 2455 mittere
550 2406 758 2454 dextram
782 2405 927 2462 suam,
961 2405 1089 2470 quod
1113 2408 1166 2455 fit
1188 2421 1392 2472 reputare
1417 2407 1571 2472 primo
1592 2408 1728 2463 loc0;
1764 2406 1891 2472 quod
1915 2406 2071 2455 dextra
2092 2408 2147 2457 fit
2170 2407 2323 2471 primo

343 2474 466 2530 loco,
495 2485 627 2539 patet
647 2495 661 2528 3
696 2474 748 2522 &
765 2486 823 2520 ex
840 2472 1232 2536 repraesentatione
1250 2474 1512 2539 Ephraimi,
1546 2475 1676 2539 quod
1695 2475 1748 2523 fit
1765 2473 2089 2532 Intellectuale,
2126 2474 2188 2522 ita
2210 2488 2324 2538 quo-

345 2557 439 2604 que
456 2556 623 2587 <verum
647 2539 774 2595 fidei,
811 2555 917 2588 nam
944 2539 1030 2588 hoc
1052 2540 1096 2587 in
1122 2553 1246 2605 parte
1279 2541 1569 2590 intellectuali
1593 2541 1791 2590 hominis
1814 2540 2006 2598 habitat,
2041 2556 2148 2589 curn
2174 2540 2238 2587 ibi
2260 2537 2325 2586 est

348 2607 472 2654 visus
490 2606 628 2654 a'luce
652 2606 779 2662 coeli,
815 2606 875 2654 ita
914 2605 1034 2653 visus
1075 2606 1334 2671 spiritualis,
1386 2607 1592 2656 videatur
1614 2624 1643 2655 n
1661 2626 1677 2655 :
1702 2609 1848 2658 6222.
1917 2607 2064 2672 Qtod
2089 2607 2218 2656 Israel
2241 2619 2324 2668 po-

352 2673 489 2722 suerit
513 2673 720 2721 dextram
756 2672 886 2736 super
908 2672 1070 2735 Capite
1095 2672 1358 2737 Ephraimi,
1408 2676 1458 2723 &
1481 2673 1698 2724 finistram
1726 2674 1856 2740 super
1876 2677 2026 2738 capite
2050 2670 2321 2728 MenaschiS,

349 2739 502 2801 agitur
519 2740 565 2786 in
589 2740 676 2787 hoc
693 2739 856 2796 Versu,
914 2740 1165 2804 &quoque
1190 2740 1236 2787 in
1254 2741 1392 2790 Vers:
1419 2741 1522 2805 seq:
1560 2756 1644 2803 ·17.
1677 2745 1752 2791 18.
1778 2757 1835 2804 19
1856 2763 1873 2797 ;
1906 2742 1959 2790 ,δε
1978 2739 2129 2803 perid
2151 2736 2322 2799 fignifi..

350 2818 494 2862 catur,
528 2806 654 2870 quod
675 2804 950 2869 reputaverit
968 2811 1131 2854 verum
1148 2807 1259 2856 fidei
1278 2809 1429 2872 primo
1446 2808 1565 2869 loco,
1587 2809 1639 2856 δε
1661 2808 1834 2856 bonurn
1851 2804 2074 2856 charitatis
2092 2804 2322 2862 secund03

350 2872 476 2919 'causa
500 2884 610 2927 erat,
655 2873 764 2934 quia
788 2871 1024 2935 spiritualis
1046 2872 1212 2932 homo,
1260 2876 1344 2940 qui
1367 2891 1445 2938 per
1466 2874 1674 2923 Israelem
1698 2873 2053 2938 repraesentatur,
2089 2887 2118 2919 n
2134 2888 2150 2920 .·
2173 2874 2319 2929 4286.

355 2939 507 2997 6256,
544 2954 634 2985 non
652 2939 782 2986 aliter
806 2951 995 3003 reputat,
1032 2940 1296 3005 priusquam
1326 2955 1611 3004 regeneratus
1644 2941 1726 2997 est,
1780 2937 2041 2989 senfibiliter
2070 2938 2196 2984 enim
2230 2940 2326 2987 ani-

357 3004 602 3052 madvertit
624 3006 737 3067 quid
768 3021 931 3052 verum
971 3007 1098 3063 fidei,
1134 3023 1226 3054 non
1264 3020 1418 3056 autem
1450 3007 1565 3074 quid
1601 3007 1778 3061 bonum,
1807 3003 2047 3060 charitatis,
2083 3002 2171 3052 hoc
2201 3006 2326 3054 enim

358 3086 442 3136 per
464 3071 591 3117 viam
627 3070 889 3120 interiorem
921 3070 1090 3131 influit,
1116 3072 1232 3120 illud
1261 3086 1413 3123 autem
1434 3091 1514 3139 per
1530 3074 1814 3128 exteriorem,
1847 3081 1986 3134 prout
2009 3070 2325 3120 scientificum.

290 3184 294 3188 f
356 3137 454 3202 Qi
478 3148 630 3184 autern
667 3154 758 3185 non
783 3151 1118 3201 regenerantur,
1154 3139 1315 3188 dicunt
1337 3141 1554 3198 absolute,
1605 3139 1733 3204 quod
1762 3137 1875 3186 fides
1909 3137 2062 3201 primo
2098 3137 2202 3185 loco
2236 3140 2327 3194 fit;

351 3202 444 3253 hoc
467 3202 547 3261 est,
582 3203 711 3267 quod
733 3204 786 3254 fit
807 3196 1030 3276 essentiale
1054 3200 1286 3264 Ecclefiae,
1331 3207 1438 3274 quia
1471 3207 1531 3256 fic
1568 3207 1723 3256 vivere
1760 3203 1942 3270 poffunt
1976 3215 2207 3274 utcunque
2247 3221 2332 3252 vo·

2205 3270 2327 3330 lunt,
