2566 3640
394 336 541 389 6162,
578 336 865 384 Inveniamus
884 336 1080 398 gratiam
1098 335 1145 382 in
1164 335 1304 384 oculis
1320 333 1519 392 domini,
1553 336 1683 402 quod
1704 332 1930 400 significet
1947 336 2237 388 voluntatem
2254 336 2320 390 ΠΕ·

335 402 400 449 ita
425 402 621 466 subjeeta
638 403 724 450 sint
742 404 791 450 &
811 401 1199 459 humiliationem,
1217 401 1416 449 constare
1434 403 1584 465 potest
1604 419 1662 451 ex
1677 419 1749 462 eo,
1766 406 1893 468 quod
1913 406 2050 453 verba
2070 405 2161 463 illa,
2186 405 2318 469 post·

334 485 472 533 quam
499 469 656 517 omnia
680 485 788 532 quae
813 468 897 515 illis
920 469 1127 515 abdicata
1153 468 1269 524 sunt,
1295 468 1380 515 sint
1402 468 1538 531 verba
1561 469 1826 532 agnitionis,
1852 473 1912 519 ita
1937 488 2124 536 quoque
2149 472 2315 520 volun·-
2375 467 2377 470 ’

335 536 436 582 tatis
455 536 581 599 quod
609 536 668 580 ita
683 533 872 595 subjeEta
891 534 992 591 fint,
1029 535 1079 580 &
1099 533 1157 581 fic
1177 534 1306 598 quod
1328 534 1413 582 fint
1431 535 1565 581 verba
1581 535 1907 584 humiliationis
1927 555 1938 583 :
1974 539 2101 603 quod
2122 539 2221 587 haec
2239 539 2310 585 in·-

333 602 420 648 fint
443 601 591 647 verbis
616 600 716 656 illis,
754 600 926 649 constat
948 617 1007 648 ex
1031 600 1165 657 statu,
1201 601 1247 648 in
1266 616 1362 665 quo
1380 614 1491 649 tunc
1508 599 1705 660 fuerunt,
1739 602 1822 666 qui
1844 602 1981 652 status
2002 605 2142 654 etiam
2162 620 2219 652 ex
2236 620 2314 670 arx-3

334 667 642 714 tecedentium
665 667 714 714 &
737 666 1113 731 consequentium
1138 666 1247 715 serie
1270 680 1412 733 patet.
2236 670 2239 673 ’

405 733 550 796 6163.
588 732 652 780 Et
685 732 852 781 erimus
884 734 996 781 servi
1031 733 1278 792 Pharaoni,
1325 732 1455 799 quod
1490 731 1713 796 significet
1745 735 1872 800 quod
1906 737 2143 800 proprium
2177 738 2309 788 suum

332 799 561 854 abdicent,
614 800 666 847 δε
701 799 966 848 submittant
1004 801 1195 850 naturali
1241 801 1372 866 quod
1417 799 1500 848 sub
1541 799 1744 863 auspicio
1789 802 1979 859 Interni,
2036 803 2208 853 constat
2251 821 2308 852 ex

331 865 660 927 significatione
702 865 951 924 servorum,
1003 868 1131 932 quod
1167 867 1224 930 ¹sit
1264 868 1350 914 esse
1387 867 1554 932 absque
1594 867 1735 916 libero
1773 884 1830 917 ex
1867 871 2075 933 proprio,
2126 869 2184 916 de
2221 887 2313 934 qua

332 949 390 979 n:
424 933 574 993 5760.
611 932 758 993 5763,
811 933 873 981 ita
906 933 1100 981 abdicari
1135 935 1321 998 proprio
1341 955 1364 989 ς
1409 935 1459 981 δι
1491 949 1549 981 ex
1585 933 1912 996 significatione
1946 936 2034 983 effe
2065 935 2308 994 Pharaoni,

333 1000 461 1062 quod
502 999 556 1046 fit
591 997 862 1047 submissum
893 1001 981 1049 effe
1022 1000 1238 1048 Naturali
1272 1000 1400 1065 quod
1435 1000 1519 1048 sub
1550 1001 1749 1063 auspicio
1778 1001 1968 1059 Interni,
2034 1002 2091 1050 de
2121 1018 2213 1065 qua
2245 1019 2276 1050 n
2302 1019 2315 1050 :

336 1068 483 1126 6145.
843 1087 853 1097 s

404 1132 553 1192 6164.
589 1131 652 1180 Et
686 1132 837 1196 posuit
862 1133 1034 1198 Joseph
1058 1132 1116 1180 ad
1140 1132 1377 1190 statutum,
1414 1131 1788 1195 quod'fignificet
1818 1133 2083 1182 conclusum
2116 1149 2174 1182 ex
2206 1138 2316 1183 con*

336 1197 480 1253 sensu,
517 1198 691 1246 constat
704 1215 760 1246 ex
771 1198 1098 1263 significatione
1114 1215 1283 1263 ponere
1302 1201 1348 1248 in
1361 1199 1596 1255 statutum,
1631 1199 1760 1260 quod
1780 1199 1831 1247 fit
1848 1201 2119 1248 concludere
2135 1215 2192 1251 ex
2207 1217 2316 1248 con-

335 1263 479 1320 sensu,
527 1280 632 1311 nam
656 1267 783 1329 quod
810 1267 992 1328 ponitur
1014 1269 1061 1315 in
1085 1266 1319 1323 statutum,
1371 1266 1460 1314 hoc
1483 1266 1538 1313 fit
1560 1279 1617 1312 ex
1639 1265 1852 1313 consensu
1875 1267 1933 1313 ab
1957 1278 2148 1331 utraque
2172 1281 2315 1331 parte,

330 1332 380 1379 &
403 1328 588 1377 refertur
635 1330 748 1379 inter
770 1332 844 1378 illa
866 1348 972 1392 quae
997 1350 1054 1380 ex
1075 1333 1211 1397 paCto
1234 1334 1284 1381 &
1307 1333 1365 1380 fic
1387 1331 1544 1379 debito
1569 1333 1763 1394 irrogata
1787 1331 1905 1380 sunt.
2382 1387 2394 1396 ν

403 1397 546 1457 6165.
585 1396 745 1460 Usque
787 1399 845 1445 ad
884 1399 1010 1447 diem
1052 1399 1189 1456 hune,
1244 1398 1373 1463 quod
1409 1397 1630 1459 significet
1667 1399 1713 1444 in
1748 1410 1988 1456 aeternum,
2046 1398 2219 1446 constat
2259 1412 2319 1448 ex

332 1463 659 1526 significatione
694 1463 836 1528 usque
869 1466 928 1513 ad
951 1466 1075 1514 diem
1098 1466 1237 1522 hunc,
1287 1465 1417 1530 quod
1441 1465 1495 1514 fit
1519 1464 1566 1511 in
1592 1475 1833 1523 aeternum,
1885 1466 1943 1512 de
1966 1481 2055 1530 qua
2077 1481 2108 1512 n
2129 1482 2140 1512 z
2167 1468 2226 1516 28
2234 1483 2258 1529 3
2269 1467 2317 1517 8³

337 1547 367 1588 4
408 1545 438 1576 o
479 1565 490 1578 .

376 1547 550 1645 36ijr66.
588 1596 734 1659 Super
758 1597 957 1646 humum
981 1597 1176 1662 AEgypti
1202 1596 1425 1645 Pharaoni
1449 1595 1506 1644 ad
1531 1596 1759 1661 quintam,
1807 1596 1934 1661 quod
1970 1595 2196 1658 significet
2218 1597 2324 1647 reli-'

336 1663 483 1727 quiaS,
521 1673 572 1709 ut
595 1664 719 1726 prius
741 1680 798 1711 n:
825 1665 968 1726 6156.
1942 1716 1945 1718 .

405 1729 435 1775 6
448 1745 459 1773 ι
474 1731 533 1790 67
593 1729 756 1777 Solum
777 1730 941 1778 humus
965 1729 1247 1777 sacerdotum
1265 1740 1446 1776 tantum
1472 1727 1657 1782 illorum
1682 1743 1773 1775 non
1795 1726 1884 1774 fuit
1907 1726 2149 1784 Pharaoni,
2183 1730 2313 1794 quod

337 1794 560 1855 significet
594 1794 821 1844 facultates
837 1795 1093 1860 ‘recipiendi
1130 1798 1325 1851 bonum,
1377 1794 1506 1858 quod
1541 1794 1633 1842 illae
1657 1793 1922 1841 immediate
1945 1794 2003 1840 ab
2029 1793 2227 1853 interno,
2264 1809 2339 1846 ut·

338 1877 525 1924 quoque
551 1862 674 1924 prius
698 1878 756 1908 n:
785 1864 930 1923 6148.
1001 1862 1126 1910 Haec
1149 1876 1257 1927 quae
1278 1877 1401 1908 nunc
1423 1860 1481 1907 de
1507 1860 1842 1924 Conjunc‘tione
1866 1857 2099 1909 Naturalis
2117 1876 2221 1908 cum
2241 1862 2324 1909 In-'

338 1941 486 1983 terno,
540 1942 590 1974 ac
614 1927 674 1975 ita
698 1928 756 1975 de
793 1929 1133 1991 regeneratione
1167 1927 1261 1990 ejus
1295 1943 1375 1992 per
1398 1926 1550 1975 media
1571 1944 1676 1991 quae
1699 1927 1803 1974 sunt
1827 1926 1997 1974 iteratae
2019 1924 2320 1976 desolationes

337 1995 386 2040 &
416 1992 759 2052 vivificationes,
794 1995 913 2042 dicta
939 1995 1055 2052 sunt,
1115 2011 1206 2042 non
1230 1995 1414 2059 poffunt
1437 2008 1529 2040 non
1552 1993 1769 2041 obvenire
1795 1992 1972 2040 homini
2000 1990 2214 2039 Ecclefiae
2237 1990 2320 2043 ho·
2386 2053 2390 2057 ρ

339 2060 432 2115 die,
467 2075 607 2123 quam
631 2060 742 2108 ficut
766 2076 857 2108 non
882 2060 1006 2126 prius
1030 2061 1216 2115 audita·,
1268 2059 1339 2107 sed
1367 2058 1507 2125 usque
1531 2058 1592 2106 ita
1616 2060 1656 2106 se
1679 2074 1747 2107 res
1770 2058 1918 2115 habet,
1956 2060 2007 2106 ὅτ
2029 2058 2092 2106 est
2117 2058 2230 2107 inter
2254 2077 2321 2108 res
2396 2090 2398 2093 .

339 2125 540 2172 notiores
577 2126 803 2188 spiritibus
838 2129 976 2174 etiam
1000 2128 1281 2191 simplicibus
1306 2126 1352 2172 in
1375 2125 1512 2173 altera
1538 2126 1665 2179 vita;
1715 2137 1995 2189 quapropter
2017 2138 2122 2178 cum
2150 2125 2322 2187 legitur

337 2191 549 2239 Verbum
572 2193 631 2238 ab
653 2192 862 2250 homine,
915 2193 980 2240 illi
1014 2194 1096 2257 qui
1132 2194 1178 2239 in
1202 2193 1340 2241 altera
1361 2190 1455 2238 vita
1478 2191 1595 2249 sunt,
1629 2191 1737 2254 quia
1759 2192 1805 2237 in
1830 2191 1951 2238 sensu
1976 2191 2155 2238 interno
2178 2191 2321 2241 Verbi

337 2252 460 2313 sunt,
512 2274 603 2306 non
629 2259 771 2306 modo
796 2259 1052 2322 percipiunt
1074 2259 1250 2316 omnia,
1297 2258 1371 2305 sed
1397 2256 1575 2320 insuper
1598 2256 1914 2318 inumerabilia
1934 2271 2091 2305 arcana
2114 2255 2230 2304 inibi
2255 2261 2324 2306 vi-
2370 2272 2380 2318 j

341 2325 473 2380 dent,
511 2324 559 2370 &
583 2324 702 2380 talia,
738 2341 845 2389 quae
865 2340 957 2372 non
976 2325 1175 2388 exprimi
1194 2324 1375 2389 poffunt
1390 2323 1482 2371 ulla
1497 2323 1678 2393 loquela
1696 2324 1925 2380 humana3
1949 2323 2048 2372 haec
2065 2338 2172 2387 quae
2188 2325 2323 2399 allata

345 2389 490 2437 modo
516 2405 653 2452 pauca
678 2390 777 2438 sunt
801 2390 1061 2455 respective.
1687 2396 1693 2403 ‘

413 2456 559 2504 6168.
599 2457 734 2504 Vers:
763 2456 840 2522 27.
868 2461 945 2506 28.
973 2473 1050 2520 29.
1079 2473 1156 2519 30.
1183 2472 1263 2520 31.
1334 2459 1399 2505 Et
1420 2457 1638 2506 habitavit
1661 2457 1795 2520 Israel
1813 2459 1859 2504 in
1879 2465 2001 2504 terra
2025 2457 2226 2522 AEgypti,
2276 2459 2324 2506 in

347 2533 469 2568 terra
492 2522 693 2584 Goschen,
731 2524 786 2572 δέ
803 2521 1067 2588 poffi’ffionem
1083 2523 1322 2571 habuerunt
1338 2526 1383 2570 in
1399 2525 1506 2579 illa;
1541 2522 2002 2587 &frattificaruntss,
2038 2522 2094 2571 ἐς*
2117 2524 2320 2586 multipli-

345 2591 433 2634 cati
454 2588 596 2637 valde.
670 2590 731 2636 Et
755 2591 868 2635 vixit
890 2590 1026 2651 Jacob
1043 2592 1086 2636 in
1099 2599 1222 2637 terra
1250 2591 1428 2654 AEgypti
1440 2590 1720 2652 septendecim
1738 2591 1858 2637 annis
1873 2610 1910 2644 ς·
1941 2587 1998 2638 &
2008 2589 2108 2652 suit
2130 2589 2216 2651 dies
2230 2591 2319 2651 Ja-

348 2655 455 2708 cohi,
492 2656 592 2701 anni
615 2657 723 2703 vitae
747 2655 850 2716 ejus,
892 2657 1050 2717 septem
1072 2659 1191 2711 anni,
1240 2655 1296 2704 fs?
1320 2655 1610 2720 quadraginta
1633 2655 1689 2705 δέ
1712 2665 1875 2703 centum
1899 2656 2023 2714 ann'i„
2087 2656 2149 2702 Et
2166 2666 2319 2718 appro-

339 2723 608 2783 pinquarunt
630 2721 716 2767 dies
735 2721 905 2781 Israelis
927 2722 985 2768 ad
1007 2721 1278 2779 moriendum,
1315 2722 1370 2770 ξεῖ
1382 2725 1554 2770 vocavit
1562 2721 1701 2780 filium
1707 2722 1837 2784 suum
1853 2721 2095 2784 Josephum,
2130 2718 2186 2768 {9⁹
2207 2719 2318 2769 dixit
2401 2756 2404 2759 ι

349 2788 401 2839 ei,
428 2786 473 2844 st
493 2789 621 2849 quaeso
635 2789 777 2833 inveni
793 2788 990 2848 gratiam
1007 2789 1051 2834 in
1073 2787 1199 2834 oculis
1223 2790 1326 2845 tuis,
1356 2800 1463 2849 pone
1479 2792 1609 2851 quaeso
1625 2803 1794 2835 manum
1811 2786 2020 2848 tuamfitb
2024 2787 2188 2848 femore
2211 2803 2316 2841 mea,

351 2851 405 2898 δέ
423 2853 562 2908 facias
583 2868 740 2899 mecum
760 2852 1158 2921 misericordiamx&
1175 2856 1418 2909 veritatem,
1443 2870 1493 2901 ne
1503 2856 1633 2919 quaeso
1641 2855 1819 2916 sepelias
1841 2869 1904 2901 me
1925 2855 1970 2898 in
1986 2851 2186 2912 AEgypto.
2256 2854 2321 2899 Et

350 2917 487 2962 cubem
510 2934 605 2964 cum
625 2919 822 2979 patribus
849 2921 965 2975 meis,
1003 2918 1058 2967 &²
1078 2920 1199 2980 feras
1222 2935 1285 2967 me
1307 2936 1357 2967 ex
1379 2921 1582 2984 AEgyptO,
1628 2919 1683 2969 ὅ
1698 2920 1871 2982 sepelias
1891 2933 1955 2964 me
1976 2918 2018 2962 in
2032 2916 2250 2978 sepulchro
2272 2920 2324 2965 il-

349 2984 483 3029 lorum
505 3004 518 3036 ·‚
573 2984 627 3032 ἐξ
650 2984 772 3039 dixit,
808 3000 879 3047 ego
890 2987 1057 3047 faciam
1078 2984 1298 3041 secundum
1320 2985 1498 3032 verbum
1522 2997 1654 3033 tuum.
1682 2997 1684 2999 ’
1725 2987 1787 3032 Et
1809 2983 1931 3037 dixit,
1952 2981 2068 3042 jura
2091 2982 2210 3039 mihi,
2264 2982 2320 3033 &

346 3049 522 3113 juravit
540 3052 576 3095 ei
598 3071 610 3102 ·,
646 3049 701 3096 &
719 3053 972 3097 incurvavit
978 3053 1024 3109 fi’
1045 3051 1176 3111 Israel
1184 3054 1317 3113 super
1339 3062 1467 3114 caput
1488 3053 1599 3103 letti.
1669 3050 1733 3098 Et
1750 3047 1968 3097 habitavit
1987 3046 2116 3097 Israel
2144 3049 2187 3095 in
2208 3062 2322 3098 terra

358 3114 480 3173 AEgy
492 3116 571 3174 pti,
611 3115 826 3177 significat
841 3115 967 3177 quod
994 3117 1167 3162 bonum
1193 3116 1420 3179 spirituale
1443 3118 1618 3164 viveret
1642 3116 1758 3162 inter
1781 3111 2020 3160 scientifica
2043 3131 2149 3177 quae
2168 3114 2326 3163 Eccle-

349 3179 455 3226 sue:
496 3180 540 3225 in
565 3194 675 3228 terra
698 3181 926 3238 Goschen‚
962 3181 1183 3243 significat
1209 3184 1268 3255 in‘
1281 3182 1434 3230 medio
1457 3184 1637 3231 eorum:
1663 3183 1711 3228 &
1735 3180 2048 3244 poffeffionem
2073 3181 2325 3256 habuerunt
2389 3176 2393 3179 ’
2434 3167 2436 3170 ,

2274 3262 2325 3295 m
2337 3302 2339 3305 .
