2566 3640
360 370 503 425 bono,
542 381 942 428 n.1025.1447.
976 366 1110 414 1610
1147 382 1288 431 1940.
1322 368 1467 425 2848.
1497 370 1642 429 3038.
1651 384 1820 432 3310.
1847 382 1993 444 3373,
2035 367 2141 418 inde
2171 368 2235 418 est
2259 356 2349 420 li'3u

360 451 465 482 mus
489 433 826 495 receptaculum
844 433 957 487 veri,
1004 432 1238 479 videantur
1280 431 1418 478 etiam
1441 447 1546 493 quae
1569 433 1628 479 de
1655 432 1796 483 humo
1820 437 1944 497 prius
1969 435 2168 498 n:566.
2199 438 2349 485 1068

369 502 513 561 3671,
549 499 670 545 dicta
692 499 741 544 δε
763 498 932 543 ostensa
958 497 1098 551 sunt,
1133 497 1262 561 quod
1298 496 1576 560 receptacula
1611 498 1691 544 illa
1715 495 1908 547 desolata
1931 501 2032 558 sint,
2070 502 2352 564 significatur

364 584 445 630 per
463 566 586 629 quod
612 579 703 610 non
723 563 929 610 temtum
954 578 1105 611 coram
1134 563 1349 611 Domino
1374 575 1710 628 praeterquam:
1745 578 1917 628 corpus
1931 567 1975 613 in
1996 569 2200 630 genuino
2218 568 2353 617 sensu

366 633 585 693 fignificat
610 631 784 676 bonum
809 630 935 690 quod
955 630 1018 675 est
1043 630 1223 685 amoris,
1259 631 1309 677 &
1335 629 1500 677 humus
1516 645 1681 677 verum
1698 631 1825 694 quod
1849 630 1916 677 est
1937 633 2077 688 fidei3
2111 649 2219 681 cum
2238 650 2351 682 vera

368 671 433 745 δεῖ)
443 700 558 744 bona
582 696 696 750 veri,
717 710 824 756 quae
848 711 927 759 per
941 698 1181 758 argentum
1201 697 1250 743 ὅτ
1269 710 1431 758 pecora
1452 694 1781 757 fignificantur‚
1806 711 1898 743 non
1931 698 2078 761 magis
2099 700 2348 764 conspicua

368 763 470 812 sunt
494 764 555 810 ob
578 730 923 817 desolationem,
956 773 1062 808 tunc
1086 777 1164 825 per
1185 777 1351 826 corpus
1385 761 1663 824 significatur
1702 762 1844 809 modo
1869 764 2199 826 receptaculum
2234 767 2346 814 boni
2369 806 2379 818 .

367 831 429 877 ἃ
442 846 520 892 per
542 824 733 875 humum
771 828 1103 900 receptaculum
1125 828 1237 876 veri.
1308 827 1456 902 Qod
1489 828 1704 891 Corpus
1691 845 1737 875 1n
1758 828 1960 890 genuino
1985 828 2104 877 sensu
2124 831 2349 892 significet

368 895 562 952 bonum,
598 894 721 958 quod
741 892 804 939 est
822 893 1003 948 amoris,
1038 893 1101 941 est
1126 893 1247 950 inde,
1283 895 1390 967 quia
1413 898 1580 957 coipus
1604 894 1675 942 seu
1700 906 1821 942 totus
1845 893 2004 952 homo,
2042 895 2122 958 qui
2148 911 2230 958 per
2251 913 2350 945 cor-

368 978 454 1025 pus
492 961 776 1022 intelligitur,
828 959 892 1005 est
930 958 1262 1022 receptaculum
1297 960 1408 1009 vitae
1430 975 1456 1006 a
1480 961 1705 1017 Domino,
1750 960 1810 1008 ita
1845 961 2178 1026 receptaculum
2220 962 2358 1020 boni,

367 1044 472 1074 mm
499 1030 671 1074 bonum
695 1026 859 1072 amoris
882 1024 990 1072 facit
1014 1026 1153 1088 ipsam
1181 1027 1326 1074 vitam
1348 1026 1393 1072 in
1416 1025 1628 1080 homine·,
1663 1025 1784 1074 calor
1817 1042 1942 1074 enim
1974 1027 2137 1084 vitalis,
2173 1029 2257 1091 qui
2285 1029 2352 1076 est

365 1095 513 1148 amor,
549 1092 612 1138 est
637 1091 729 1154 ipse
751 1092 876 1139 calor
894 1090 1056 1146 vitalis,
1092 1092 1142 1138 &
1165 1091 1275 1138 nisi
1266 1107 1300 1138 is
1317 1092 1439 1141 calor
1460 1091 1583 1138 s1tin
1608 1091 1813 1148 homine,
1848 1091 1911 1139 est
1934 1092 2078 1139 homo
2103 1107 2347 1142 mortuum

366 1161 520 1223 quid,
558 1157 662 1205 inde
699 1172 818 1203 nunc
851 1156 930 1211 est,
966 1157 1093 1221 quod
1129 1173 1207 1220 per
1239 1172 1402 1221 corpus
1428 1159 1474 1204 in
1498 1155 1624 1209 sensu
1649 1157 1828 1205 interno
1862 1157 2139 1221 intelligatur
2164 1159 2348 1208 bonum

368 1226 565 1272 amoris,
602 1224 651 1270 δε
678 1223 780 1269 licet
802 1221 929 1286 apud
951 1223 1192 1270 hominem
1226 1239 1319 1271 non
1341 1223 1406 1271 est
1427 1239 1556 1271 amor
1587 1223 1810 1280 coelestis,
1832 1223 1906 1271 sed
1943 1239 2074 1272 amor
2106 1224 2356 1283 infernalis,

366 1293 506 1355 ulque
529 1290 593 1336 est
616 1290 834 1336 intimum
858 1290 970 1336 vitae
988 1289 1078 1352 ejus
1101 1289 1159 1336 ab
1181 1305 1334 1336 amore
1350 1289 1541 1346 coelesti,
1576 1289 1650 1337 hic
1666 1289 1793 1337 enim
1810 1305 1940 1337 amor
1956 1291 2172 1337 continue
2193 1291 2354 1340 influit:

367 1367 392 1410 a
419 1358 644 1411 Domin0,
680 1356 728 1401 &
754 1353 857 1402 facit
881 1350 1002 1418 apud
1025 1354 1160 1403 illum
1182 1356 1379 1403 calorem
1415 1356 1642 1403 vitalem
1630 1372 1677 1403 in
1701 1355 1780 1403 suo
1818 1355 2064 1420 principio,
2099 1368 2144 1403 at
2167 1356 2213 1404 in
2239 1373 2358 1420 pro-

365 1422 514 1486 gressu
548 1421 820 1484 pervertitur
842 1422 899 1468 ab
920 1421 1129 1478 homine,
1164 1422 1269 1469 inde
1300 1438 1432 1471 amor
1455 1421 1701 1480 infernalis,
1738 1437 1763 1469 a
1792 1437 1888 1486 quo
1913 1423 2180 1470 immundus
2212 1423 2352 1472 calor·

369 1490 513 1552 Qod
550 1488 764 1550 Corpus
753 1505 797 1535 in
823 1488 1026 1551 genuino
1049 1488 1172 1535 sensu
1199 1488 1252 1535 fit
1275 1489 1452 1535 bonum
1473 1489 1654 1545 amoris,
1691 1487 1925 1536 manifeste
1959 1488 2160 1537 constare
2194 1489 2356 1553 potuitv

284 1573 301 1607 ἡ
366 1558 425 1602 ab
450 1555 657 1616 Angelis,
693 1553 748 1599 ab
786 1554 876 1610 his,
905 1569 1007 1601 cum
1049 1553 1285 1617 praesentes
1320 1553 1545 1610 sistuntur,
1581 1555 1789 1601 exundat
1822 1570 1952 1601 amor
1984 1555 2098 1603 adeo
2123 1567 2170 1602 ut
2192 1556 2350 1604 credas

362 1620 468 1668 'illos
491 1637 584 1683 non
607 1619 726 1666 aliud
747 1619 836 1666 effe
861 1635 1000 1683 quam
1035 1635 1182 1676 amor,
1219 1621 1269 1668 &
1295 1619 1381 1666 hoc
1403 1634 1462 1667 ex
1483 1631 1584 1668 toto
1605 1634 1794 1683 corpore
1818 1635 1995 1676 eorum,
2031 1621 2168 1668 etiam
2188 1637 2352 1694 corpus

366 1698 556 1751 apparet
580 1684 867 1749 splendidum
902 1686 953 1732 ὅτ
986 1684 1193 1732 lucidum
1227 1700 1283 1731 ex
1309 1684 1405 1731 luce
1437 1701 1549 1750 quae
1573 1685 1696 1742 inde,
1732 1685 1910 1733 bonum
1933 1688 2055 1739 enirn
2094 1687 2259 1734 amoris
2282 1687 2349 1735 est'

289 1773 293 1775 *
365 1754 515 1800 instar
524 1752 744 1808 flammae,
782 1767 887 1814 quae
905 1767 930 1797 a
954 1749 996 1796 se
1020 1750 1188 1799 emittit
1211 1751 1359 1797 lucem
1394 1766 1501 1815 quae
1524 1751 1589 1798 est
1612 1764 1773 1799 verum
1812 1751 1930 1798 fidei
1954 1752 2096 1799 inde.
2132 1757 2239 1800 cum
2264 1754 2350 1800 ita-

365 1836 458 1882 que
484 1817 680 1879 Angeli
671 1834 717 1863 m
736 1817 874 1863 Coelo
893 1817 1000 1864 tales
1024 1816 1141 1873 sunt,
1178 1818 1297 1880 quid
1319 1832 1410 1864 non
1432 1816 1531 1879 Ipse
1554 1817 1802 1873 DominuS,
1837 1833 1862 1864 a
1887 1819 1997 1888 Qo
2020 1822 2156 1864 omne
2170 1819 2349 1865 amoris
2408 1838 2412 1869 ῑ

368 1885 492 1948 apud
517 1884 700 1944 angelos
723 1883 802 1939 est,
839 1884 889 1930 ὅτ
913 1881 1055 1945 Cujus
1079 1883 1278 1930 Divinus
1302 1883 1455 1930 Amor
1475 1896 1660 1947 apparet
1682 1894 1735 1930 ut
1759 1882 1853 1939 Sol,
1889 1894 1946 1930 ex
1967 1899 2061 1946 quo
2083 1874 2358 1945 υῃίνὲτῖυη),

366 1953 541 1999 coelum
573 1949 698 1996 suam
722 1949 867 1996 lucem
894 1949 1045 2005 habet,
1069 1950 1120 1996 ὅτ,
1142 1964 1298 1996 omnes
1315 1949 1395 2013 qui
1420 1950 1483 1996 ibi
1508 1949 1638 1997 suum
1664 1949 1898 1997 coelestem
1919 1951 2130 2006 calorem,
2156 1949 2244 1997 hoc
2266 1939 2347 2006 e'st,

336 2018 339 2020 ’
365 2027 588 2072 amorem,
626 2016 686 2063 ita
712 2017 897 2068 vitam·,
935 2014 1179 2062 Divinum
1193 2015 1471 2062 Humanum
1496 2015 1690 2062 Domini
1714 2015 1778 2062 est
1801 2016 1930 2082 quod
1967 2016 2028 2062 ita
2061 2029 2261 2079 apparet,
2291 2017 2349 2063 δὲ

369 2100 433 2131 ex
451 2099 544 2146 quo
567 2081 720 2128 omnia
747 2081 860 2134 illa·,
890 2080 1000 2127 inde
1023 2080 1220 2128 constare
1257 2081 1420 2145 potest,
1457 2081 1570 2145 quid
1596 2097 1675 2144 per
1695 2080 1892 2150 Corpus
1905 2083 2097 2131 Domini
2125 2082 2348 2142 intelligia

365 2163 461 2210 tur,
497 2148 623 2212 quod
649 2163 814 2211 nempe
846 2146 1045 2193 Divinus
1070 2149 1241 2204 Amor,
1278 2147 1480 2195 similiter
1500 2163 1551 2193 ac
1582 2162 1683 2211 per
1692 2162 1868 2195 carnem
1903 2147 2062 2210 IpsiuS‚
2099 2148 2155 2194 de
2179 2164 2268 2211 qua
2289 2164 2351 2194 n-.·

374 2219 540 2278 38ι3·,
574 2213 724 2276 ipsum
758 2213 896 2259 etiam
933 2214 1128 2276 Corpus
1147 2213 1375 2269 Domini,
1396 2229 1500 2260 cum
1525 2211 1847 2275 glorificatum,
1886 2213 1973 2267 hoc
1999 2213 2081 2270 est,
2117 2213 2347 2261 Divinum

369 2282 541 2331 fastum
567 2280 645 2335 est,
673 2294 751 2325 nec
774 2279 892 2325 aliud
915 2280 1018 2332 est·>
1048 2279 1160 2342 quid
1185 2274 1306 2326 aliud
1331 2280 1390 2327 de
1406 2279 1600 2335 Divino,
1626 2279 1756 2341 quod
1774 2280 2033 2336 Infinitum,
2060 2279 2348 2338 sentiendum

370 2349 445 2396 est.
522 2346 598 2393 Ex
623 2344 690 2391 his
715 2344 819 2391 sciri
834 2344 999 2407 potest,
1047 2344 1179 2408 quod
1212 2361 1294 2407 per
1335 2345 1546 2408 Corpus*
1535 2361 1579 2392 tn
1606 2346 1766 2398 Samsta
1795 2345 1961 2402 Coena,
1997 2345 2111 2392 nihil
2135 2336 2293 2393 aliud
2284 2361 2351 2392 in-

371 2412 603 2462 tellectum
629 2410 680 2458 fit
703 2426 844 2474 quam
869 2410 1067 2457 Divinus
1094 2411 1289 2458 Domini
1315 2412 1467 2458 Amor
1489 2411 1594 2474 erga
1621 2410 1902 2459 universum
1907 2426 2052 2474 genus
2076 2412 2344 2466 humanum,

371 2481 429 2526 de
453 2493 547 2541 quo
567 2478 628 2524 ita
650 2477 781 2538 apud
799 2476 1160 2539 Evangelistas‘
1145 2484 1180 2506 “
1204 2476 1328 2536 Jesus
1351 2477 1571 2540 accipiens
1594 2492 1780 2540 panem,
1816 2479 1866 2525 &
1891 2477 2191 2535 benedicens,
2200 2476 2347 2538 fregit

373 2548 424 2594 &
442 2543 569 2590 dedit
586 2542 836 2605 discipulis,
871 2544 923 2590 &
939 2543 1075 2600 dixit,
1099 2542 1306 2606 accipite,
1331 2542 1577 2600 comedite,
1602 2542 1677 2590 hoc
1693 2543 1748 2603 est
1768 2543 1933 2605 Corpus
1951 2542 2116 2591 meum'
2123 2542 2342 2590 'Matth·

364 2622 524 2660 xxw:
552 2609 629 2657 26.
687 2608 846 2656 Marc:
869 2624 985 2655 xiv:
1014 2625 1090 2657 21.
1148 2608 1274 2658 Luc:
1297 2624 1435 2655 xxm
1467 2625 1563 2671 193
1607 2608 1692 2656 hoc
1728 2608 1792 2656 est
1823 2609 2000 2672 Corpus
2036 2624 2190 2665 meum
2225 2606 2346 2654 discit

365 2678 435 2737 ,de
471 2676 609 2732 Pane,
644 2674 750 2736 quia
784 2689 865 2737 per
894 2674 1065 2722 Panem
1101 2678 1237 2722 etiam
1270 2674 1550 2736 significatur
1581 2674 1780 2723 Divinus
1806 2676 1976 2731 Amor,
2006 2690 2064 2723 n:
2092 2670 2202 2737 276.
2231 2673 2342 2720 680.

367 2742 527 2802 ·21-65.
553 2741 696 2803 216.7
723 2739 867 2801 3464.
890 2744 1039 2801 3478.
1067 2754 1211 2803 3735.
1238 2755 1384 2803 4735.
1421 2756 1564 2803 5915.
1639 2741 1836 2789 Divinue
1873 2743 2043 2789 Amor
2052 2742 2142 2804 p'er
2165 2732 2345 2801 Corpus

377 2807 574 2855 Domini
596 2806 733 2853 etiam
757 2805 1034 2868 significatur
1055 2807 1177 2869 apud
1198 2807 1504 2874 Johannem‘
1511 2807 1688 2855 ‘Dixit
1707 2808 1854 2868 Jesus,
1891 2807 2047 2855 solvite
2065 2803 2343 2867 Templum,

365 2869 423 2919 'in
448 2872 589 2919 tribus
613 2884 766 2919 tamen
790 2870 946 2918 diebus
969 2870 1242 2921 exsuscitabo
1283 2872 1425 2919 illud·
1463 2872 1537 2921 sed
1560 2873 1658 2935 Ipse
1681 2871 1951 2936 loquebatur
1971 2870 2021 2918 de
2039 2870 2206 2933 Templo
2236 2870 2343 2917 Cor-

366 2931 616 3001 porisfiti'’
653 2954 721 2984 11:
753 2952 826 2998 19.
856 2952 938 2994 21,
984 2937 1244 2995 Templum
1279 2940 1481 3001 corporis
1503 2938 1566 2986 est
1593 2938 1818 2993 Divinum
1852 2938 2027 2984 Verum
2065 2951 2124 2994 cx
2165 2935 2348 2984 Divino

378 3004 530 3053 Bono.
569 3003 694 3065 quod
730 3002 988 3064 Templum
1025 3004 1079 3051 fit
1103 3003 1337 3051 Dominus
1370 3004 1522 3068 quoad
1554 3003 1783 3056 Divinum
1818 2986 2017 3059 Verum,
2053 3001 2270 3048 videatur
2284 3014 2344 3054 n:

361 3070 629 3190 1622?ss
620 3083 744 3179 133?
758 3067 945 3189 «ξὲἱὲἓῗ
967 3068 1471 3205 {uisuffiessno‘e'ifffiffltf‘
1481 3066 2347 3198 ἒὲἔὲῗὲῗεὲἓῖἓπὲοῗρἔῗὁῖἓῖἔξῗ

358 3198 515 3311 Qod
538 3198 714 3264 Corpus
738 3191 937 3249 Dor‘nini
955 3199 1010 3249 fit
1032 3199 1260 3269 Divinum
1299 3198 1502 3274 ῌοῃυῐτι,
1534 3199 1707 3251 constat
1729 3213 1913 3264 quoque
1936 3201 1995 3250 ab
2017 3199 2086 3270 his
2102 3199 2222 3275 apud
2248 3200 2345 3247 Da-

2169 3265 2344 3330 nielenj
