2606 3646
315 251 632 333 CAPUT
686 216 1546 342 QUADRAGESIMUM
1593 246 2065 330 TERTIUM.
2140 281 2264 354 192

258 403 401 460 quem.
423 389 584 450 dixistis
606 385 675 437 ad
688 401 767 443 me,
802 385 859 436 ἐξ
889 385 1011 443 dixit,
1047 385 1172 434 Deus
1186 384 1472 448 gratiosussit
1493 384 1589 442 tibi,
1618 383 1691 446 fili
1722 387 1810 434 mi.'
1863 387 1928 434 Et
1938 387 2171 451 festinavit
2187 387 2227 448 J

164 465 175 469 Ἣ
248 461 380 524 seph,-
404 459 504 522 quia
518 453 888 504 commovebantur
905 452 1277 517 commiserationes
1293 453 1383 516 ejus
1407 450 1466 499 ad
1467 453 1664 516 fratrem
1669 453 1817 516 suum,
1852 453 1908 504 &
1921 453 2225 519 quaerebatflcr

261 527 327 577 (θ’
341 519 728 577 ve'nit'cubiculum,
764 520 957 584 &flevit
978 519 1054 570 ibi.
1123 521 1189 569 Et
1211 520 1329 569 lavit
1335 520 1482 584 faciei
1489 521 1610 582 ficas,
1646 520 1704 570 &
1720 523 1870 577 exivit,
1907 521 1962 570 &³
1984 523 2184 570 continuit
2195 530 2223 582 J

247 593 321 643 (9²
332 591 458 645 dixit,
487 593 631 654 ponite
646 604 813 652 panem.
882 589 946 636 Et
958 587 1189 653 posiderunt
1203 587 1273 635 illi
1277 587 1378 651 soli,
1411 585 1470 637 δέ
1490 586 1578 635 illis
1586 585 1704 651 stolis,
1741 586 1797 637 ὅ
1817 588 2032 652 AEgyptiis
2057 587 2221 636 camedel

252 655 381 707 'ibus'
408 674 500 706 cum
524 674 567 705 eo
580 657 702 717 solis,
736 658 840 722 quia
860 671 943 704 non
969 653 1138 721 poffunt
1160 654 1371 720 AEgyptii
1392 652 1606 704 comedere
1627 669 1721 703 cum
1744 655 1938 703 Hebraeis
1950 667 2123 716 panem,
2158 671 2225 718 quc

246 727 518 774 abominatio
541 724 587 771 id
608 723 840 786 AEgyptiis.
909 723 974 771 Et
984 721 1190 785 fiderunt
1218 736 1365 771 coram
1391 737 1457 779 eo,
1481 723 1786 785 primogenitus
1797 722 2027 786 secundum
2044 726 2232 787 primogt

251 788 453 841 'situram
466 792 612 855 suam,
647 791 900 839 minorennis
909 787 1140 854 secundum
1167 790 1536 838 minorennitatem
1573 787 1698 851 fitam
1734 788 1793 839 ξεῖ*
1831 789 2127 853 obstupuerunt
2165 793 2229 838 vir

256 861 426 925 quisque
443 858 511 906 'ad
525 858 687 922 socium
700 859 848 921 suum.
917 856 983 904 Et
1007 855 1161 904 extulit
1177 857 1390 920 portiones
1412 870 1464 904 ex
1473 855 1675 919 faciebus
1686 855 1781 919 ficis
1801 855 1861 904 ad
1879 857 1990 914 illos,
2027 856 2084 906 ἐς*
2106 859 2230 905 multi

249 927 443 988 plicavit
461 928 674 988 portiones
698 925 972 981 Ben'ominis‚
1000 933 1099 985 prae
1113 922 1379 987 portionibus
1390 924 1575 971 omnium
1596 923 1782 981 illorum,
1819 926 1997 988 quinque
2019 925 2220 986 menfhris

250 993 313 1045 ὅ
327 993 536 1048 bibebant,
561 991 752 1054 &large
790 990 961 1038 ibebant
979 1005 1072 1038 cum
1089 1006 1148 1039 eo.
1197 989 1263 1038 Et
1279 988 1460 1037 sustulit
1469 989 1626 1037 oculos
1649 989 1767 1045 suos,
1805 990 2030 1052 fignificat
2047 991 2231 1039 reflexio

253 1076 393 1109 nem:
414 1061 480 1113 ,δι
497 1058 615 1106 vidit
631 1056 964 1122 Benjaminem,
1001 1056 1226 1121 fignificat
1249 1056 1652 1122 apperceptionem
1677 1057 1819 1105 medii
1840 1075 1852 1105 :
1888 1057 2074 1106 fratrem
2098 1058 2247 1117 suum,

244 1127 403 1179 filium
428 1125 585 1174 matris
603 1124 713 1186 suae,
737 1124 963 1186 fignificat
979 1123 1476 1180 internumanaturali,
1502 1136 1592 1176 uta
1609 1125 1779 1172 matre.-
1801 1124 1999 1181 &dixin
2024 1126 2249 1188 fignificat

249 1194 596 1260 perceptionem
618 1208 629 1238 ε
665 1207 719 1238 an
745 1191 820 1238 hic
843 1189 981 1238 frater
1002 1189 1149 1239 vester
1171 1190 1412 1247 minimus,
1443 1206 1589 1255 quem
1613 1189 1789 1238 dixistis
1810 1191 1869 1239 ad
1893 1207 1987 1249 me,
2022 1191 2252 1255 fignificat

245 1274 413 1310 natum
437 1257 540 1323 post
571 1274 750 1316 omnes,
785 1269 839 1306 ut
861 1272 1050 1325 quoque
1083 1256 1171 1306 illis
1193 1269 1358 1306 notum
1381 1273 1393 1304 ε
1429 1257 1479 1305 δι
1502 1256 1642 1315 dixit,
1678 1257 1804 1304 Deus
1827 1258 2053 1319 gratiosus
2065 1258 2119 1306 iit
2143 1260 2248 1317 tibi,

245 1328 318 1378 fili
343 1327 427 1384 mi,
446 1326 687 1390 ,fignificat
702 1324 829 1388 quod
847 1324 1076 1372 Divinum
1094 1325 1234 1371 etiam
1253 1323 1377 1388 apud
1400 1322 1628 1389 spirituale
1650 1323 1846 1372 coelestis
1867 1326 1994 1388 quod
2019 1326 2250 1383 medium,

246 1394 356 1461 quia
381 1393 586 1457 piocedit
603 1409 628 1440 a
645 1391 821 1440 coelesti
839 1389 1079 1455 spiritualis
1098 1390 1228 1454 quod
1251 1406 1415 1453 verum
1440 1405 1465 1437 a
1492 1390 1697 1438 Divino:
1733 1392 1783 1439 δε
1807 1389 2039 1441 festinavit
2056 1393 2249 1457 Joseph‚

240 1461 475 1524 fignificat
505 1459 563 1507 ab
597 1459 795 1507 intimo:
842 1456 950 1521 quia
980 1456 1398 1506 commovebantur
1430 1457 1847 1507 commiserationes
1866 1457 1978 1522 ejus,
2021 1460 2246 1522 fignificat

247 1526 602 1576 misericordiam
625 1540 683 1573 ex
705 1539 887 1572 amore:
919 1523 977 1571 ad
996 1523 1180 1583 fratrem
1215 1523 1366 1581 suurn,
1401 1523 1626 1585 fignificat
1647 1539 1756 1587 erga
1780 1525 2012 1574 internum
2036 1542 2061 1572 a
2084 1527 2125 1573 se
2146 1544 2157 1573 :
2192 1530 2243 1576 &

240 1594 478 1659 quaerebat
494 1593 615 1648 flere,
634 1590 855 1654 significat
879 1588 1098 1639 effoetum
1117 1589 1443 1640 misericordiae
1459 1606 1516 1638 ex
1532 1606 1705 1639 amore:
1744 1593 1794 1640 &
1811 1592 1939 1640 venit
1954 1591 2242 1653 cubiculum,

243 1662 299 1712 δε
320 1660 449 1709 flevit
481 1659 563 1716 ibi,
599 1659 823 1723 fignificat
847 1657 893 1704 in
918 1657 979 1715 se,
1015 1674 1109 1706 non
1141 1670 1437 1724 apparenter:
1473 1658 1525 1706 δε
1558 1657 1674 1706 lavit
1705 1658 1839 1706 facies
1873 1658 1988 1716 suas,
2024 1660 2247 1722 fignificat

239 1727 377 1794 quod
397 1726 659 1793 disponeret
693 1726 780 1774 ita:
817 1725 868 1772 δε
888 1724 1051 1782 exivit,
1088 1725 1312 1786 fignificat
1346 1740 1427 1789 per
1461 1726 1806 1774 remotionem:
1834 1726 1886 1774 δε
1918 1728 2144 1775 continuit
2179 1730 2242 1787 se,

239 1795 472 1858 fignificat
482 1810 563 1861 per
578 1791 932 1843 occultationem
953 1809 963 1839 :
1000 1793 1052 1842 δε
1069 1791 1209 1851 dixit,
1247 1793 1404 1857 ponite
1429 1807 1615 1856 panem,
1650 1792 1876 1855 fignificat
1892 1797 2241 1858 perceptionem

242 1861 684 1928 conjunffionispex'·
707 1861 913 1911 medium
937 1876 1044 1911 cum
1059 1858 1181 1911 'verit
1198 1861 1246 1910 in
1264 1859 1488 1910 naturali:
1522 1859 1574 1909 δι’
1588 1859 1918 1925 posueruntilli
1943 1861 2042 1917 soli,
2079 1863 2128 1910 δε
2153 1864 2239 1911 illis

242 1928 364 1984 solis,
398 1929 621 1993 fignificat
635 1942 871 1978 externam
889 1928 1202 1994 apparentiam
1220 1927 1349 1994 quod
1368 1929 1600 1976 internum
1625 1927 1748 1991 quasi
1775 1921 2028 1991 separatum
2044 1930 2102 1976 ab
2121 1929 2234 1977 illis:

240 1996 294 2045 ἃ
312 1995 558 2061 AEgyptiis
579 1995 928 2045 comedentibus
946 2012 1055 2044 cum
1072 2011 1129 2044 eo
1146 1996 1267 2052 solis,
1286 1995 1512 2058 fignificat
1529 1994 1867 2057 separationem
1882 1995 2241 2045 scientificorum

238 2077 350 2128 quae
374 2063 422 2110 in
444 2061 622 2111 inverso
642 2062 839 2112 ordine:
873 2062 980 2128 quia
1014 2068 1108 2111 non
1143 2062 1330 2128 poffunt
1350 2061 1570 2126 AEgyptii
1604 2061 1843 2109 comedere
1876 2079 1988 2111 cum
2023 2063 2238 2114 Hebraeis

239 2144 425 2195 panem,
460 2129 684 2192 fignificat
705 2130 831 2195 quod
854 2127 1146 2196 nequaquam
1180 2128 1400 2194 conjungi
1422 2129 1604 2193 poffent
1624 2143 1732 2177 cum
1766 2143 1880 2176 vero
1912 2130 1962 2177 δε
1987 2129 2110 2178 bono
2146 2130 2239 2179 Ec-

175 2190 180 2196 ’
235 2196 418 2245 clefiae':
449 2197 563 2264 quia
583 2196 867 2245 abominatio
890 2197 937 2244 id
959 2196 1182 2262 AEgytiis,
1215 2196 1441 2260 fignificat
1462 2195 1591 2259 quod
1609 2195 1658 2243 in
1682 2194 1884 2259 oppifito
1907 2197 1993 2244 smt
2013 2214 2025 2244 ε
2062 2198 2239 2246 &con-

239 2261 453 2312 sederunt
474 2279 628 2314 coram
651 2278 727 2323 eo,
763 2262 988 2328 signifiat
1009 2264 1139 2330 quod
1172 2262 1521 2327 disponerentur
1541 2278 1570 2312 a
1589 2262 1666 2312 sua
1693 2260 1967 2326 praesentia:
2002 2264 2238 2327 primoge-

233 2330 356 2379 nitus
391 2330 815 2396 secundumprirno
878 2331 1076 2379 trituram
1112 2329 1255 2386 suam,
1290 2330 1342 2379 &t
1365 2328 1644 2378 minorennis
1679 2329 1929 2379 secundum
1956 2332 2236 2378 minorenni-
2327 2330 2329 2332 “

235 2407 380 2448 tatem
397 2397 539 2456 suam,
572 2396 806 2461 fignificat*
856 2397 1061 2447 cundum
1081 2397 1298 2447 ordinem
1313 2411 1528 2446 verorum
1552 2396 1632 2445 sub
1645 2395 1801 2444 bono:
1836 2398 1888 2445 δε
1902 2395 2238 2462 obstupuerunt

222 2463 335 2520 viri,
369 2464 556 2529 quisque
579 2464 637 2513 ad
659 2463 833 2512 socium
853 2462 999 2520 suum,
1033 2462 1260 2526 fignificat
1295 2465 1600 2512 mutationem
1638 2463 1776 2511 status
1796 2461 1990 2526 cujusvis
2012 2466 2131 2512 inter
2154 2465 2229 2514 se:

226 2531 285 2582 &
310 2530 477 2579 extulit
499 2531 730 2594 portiones
755 2546 783 2578 a
803 2528 1008 2581 faciebus
1028 2529 1118 2580 suis
1138 2531 1198 2578 ad
1222 2531 1342 2588 illos,
1377 2529 1602 2594 significat
1625 2529 1743 2576 bona
1765 2531 2232 2592 applicataunicuivis

232 2612 292 2648 ex
323 2596 661 2648 misericordia:
697 2597 748 2646 &
772 2596 1090 2661 multiplicavit
1117 2596 1382 2661 portionem
1403 2594 1678 2660 Benjaminis
1697 2611 1796 2659 prae
1818 2596 2105 2660 portionibus
2127 2608 2233 2647 om*

230 2665 364 2713 nium
394 2663 596 2721 illorum,
631 2662 853 2728 fignificat
876 2664 1052 2712 bonum
1077 2663 1235 2712 medio
1257 2663 1387 2728 supra
1408 2663 1532 2713 bona
1553 2664 1670 2710 veris
1691 2662 1735 2711 in
1761 2663 1980 2711 naturali:
2017 2665 2231 2730 quinque

228 2729 467 2786 mensuris,
497 2729 727 2792 'fignificat
742 2730 943 2778 multum
963 2730 1181 2780 audium:
1216 2731 1270 2779 ae
1284 2730 1515 2786 bibebant,
1535 2730 1758 2791 fignificat
1775 2731 2128 2795 applicationem
2148 2749 2231 2780 ve-

220 2813 383 2851 mrum
407 2798 488 2845 sub
512 2797 637 2844 bono
657 2813 668 2843 :
705 2797 896 2858 &large
921 2797 1153 2854 bibebant,
1177 2796 1410 2861 fignificat
1429 2798 1727 2846 abundanter.

241 2869 245 2899 ἓ
297 2865 444 2927 5684.
482 2862 549 2912 Et
566 2862 742 2911 ‘sustulit
764 2863 920 2911 oculos
946 2862 1062 2921 sum,
1097 2864 1224 2930 quod
1250 2864 1471 2928 fignificet
1495 2862 1807 2920 reflexionem,
1842 2864 2013 2911 constat
2037 2866 2225 2929 asfigni-
2254 2877 2259 2883 ·

223 2930 436 2980 ficatione
458 2931 614 2980 tollere
630 2930 804 2986 oculos,
839 2929 967 2994 quod
987 2930 1037 2979 fit
1049 2929 1268 2994 cogitatio
1291 2933 1341 2978 ὅτ.
1365 2931 1578 2986 intentio,
1614 2930 1672 2980 de
1696 2947 1787 2995 qua
1813 2948 1841 2978 n
1861 2949 1871 2976 :
1901 2936 2044 2994 2789.
2075 2937 2222 2999 2829.

228 3013 378 3064 4339,
411 2999 463 3047 &
481 3012 668 3063 quoque
685 2995 981 3052 advertenda,
1017 3012 1045 3043 n
1067 3013 1082 3042 :
1107 2997 1269 3056 4086,
1294 2996 1352 3044 ita
1371 2998 1576 3054 reflexi0‚
1614 3013 1719 3045 nam
1738 2997 1970 3044 reflectere.
1989 2998 2051 3045 est
2075 2998 2220 3050 inten-

220 3062 332 3117 dere
347 3065 494 3113 visum
514 3064 885 3118 intelleEtualern,
922 3064 972 3111 δε
989 3062 1219 3110 advertere
1237 3079 1350 3110 num
1372 3063 1434 3115 ita
1453 3062 1523 3121 lit,
1560 3065 1610 3112 &
1628 3063 1782 3127 postea
1797 3062 1922 3127 quod
1944 3064 2003 3113 ita
2024 3063 2085 3113 lit.
2185 3111 2188 3114 ,

294 3131 441 3197 5685.
460 3132 539 3180 Et
570 3130 691 3178 vidit
726 3127 1057 3193 Benjaminem‚
1094 3129 1218 3194 quod
1245 3130 1468 3194 fignificet
1491 3131 1895 3195 apperceptionem
1915 3131 2079 3187 medii,
2113 3148 2222 3181 con·

230 3191 313 3242 stat
332 3211 394 3244 ex
415 3197 744 3262 significatione
770 3197 941 3253 videre,
977 3195 1103 3261 quod
1139 3197 1194 3247 fit
1227 3196 1484 3260 intelligere
1518 3198 1570 3245 ἃ
1603 3198 1912 3261 appercipere‚
1949 3197 2008 3245 de
2030 3215 2121 3262 qua
2156 3217 2186 3247 n
2206 3218 2220 3247 ε

229 3275 375 3333 3150.
403 3278 547 3328 23²5·
576 3263 719 3332 3764.
746 3263 894 3331 3863.
921 3279 1054 3329 4403
1076 3263 1478 3380 adffi21'4567'
1506 3279 1654 3332 4723·
1682 3277 1847 3326 §4003
1884 3264 1935 3317 Sc
1966 3280 2024 3383 {x
2059 3280 2226 3329 reprae„

370 3338 376 3343 ’
1987 3336 2153 3384 eumin
2162 3347 2221 3383 ne
