2606 3646
1894 10 1968 38 ’,νγ
2247 13 2323 40 ’,ὶε

1970 43 2016 62 ²
2051 45 2102 71 ⁴⁴51
2154 27 2400 74 ’.ἕω
2518 46 2553 61 ’·

401 286 536 351 quod
560 287 614 336 fit
636 285 894 342 abalienare,
929 283 985 332 de
1009 300 1101 349 qua
1126 301 1154 334 n
1181 302 1191 328 τ
1217 300 1279 349 47
1286 301 1364 346 52.
1389 288 1519 351 4758
1544 307 1559 342 ;
1594 301 1675 350 per
1692 285 1954 350 AEgyptum
1980 283 2057 333 hic
2071 280 2385 347 significantur

409 354 588 411 infima,
621 367 672 402 ut
692 351 801 402 infra
839 369 898 398 n:
921 353 1070 415 5889,
1104 368 1215 400 narn
1239 351 1400 399 referre
1438 353 1614 416 aliquid
1637 354 1771 401 *inter
1796 352 2037 402 scientifica
2075 350 2242 415 absque
2263 346 2391 415 agni-

406 421 551 477 tione,
585 419 649 468 est
671 418 828 483 ejicere
852 418 905 464 ad
924 418 1073 474 latera,
1109 419 1172 466 ita
1191 417 1250 467 ad
1269 418 1431 466 ultima
1456 418 1527 468 seu
1547 420 1744 474 infima·,
1780 419 1841 468 ita·
1861 434 2044 484 quoque
2068 420 2111 465 se
2127 417 2261 466 habet
2282 431 2389 467 cum

409 489 596 536 Interno
621 486 821 535 hominis
858 484 1010 540 hodie,
1049 485 1136 532 hoc
1160 484 1274 533 inter
1299 483 1539 533 scientifica
1562 485 1754 549 quidem
1778 485 1859 542 est,
1893 487 2000 551 quia
2025 483 2161 533 scitur
2198 501 2257 532 ex
2281 484 2391 533 doo-

406 554 554 603 trinali
580 554 707 618 quod
734 552 943 602 Internus
966 551 1110 598 homo
1133 550 1203 608 stt,
1230 550 1304 598 sed
1328 549 1542 614 rejectum
1577 550 1641 599 est
1662 550 1721 598 ad
1745 550 1922 606 infima,
1945 551 2052 615 quia
2069 567 2162 600 non
2185 549 2391 614 agnosci-

411 635 482 668 tur
507 623 555 670 δι
580 620 790 673 creditur,
831 617 892 664 ita
913 629 966 664 ut
987 616 1288 666 abalienatum
1316 617 1385 674 fit,
1420 632 1511 665 non
1537 615 1728 683 quidem
1767 632 1794 664 e
1816 618 2070 674 memoria,
2104 618 2178 667 sed
2215 633 2240 665 a
2281 618 2388 666 fide.

410 687 558 751 Qod
582 687 778 733 vendere
804 684 849 730 in
871 683 990 730 sensu
1018 683 1193 731 interno
1228 683 1281 730 sit
1302 684 1551 732 abalienare
1576 684 1651 731 illa
1684 698 1793 748 quae
1815 682 1925 731 fidei
1948 684 1999 732 &
2021 683 2242 734 charitatis
2265 684 2386 742 sunt,

409 754 602 819 proinde
638 752 710 798 illa
729 766 834 817 quae
859 745 1029 797 faciunt
1054 750 1251 798 Internae
1271 749 1487 799 Ecclefiae
1526 749 1780 807 hominem,
1815 749 2017 798 constare
2040 750 2186 815 potest
2217 765 2276 800 ex
2309 768 2386 811 eo,

408 822 539 886 quod
566 821 610 866 in
631 822 806 867 mundo
832 811 1049 880 l'pil'ltuili
1075 833 1167 864 non
1191 817 1246 865 fit
1270 815 1415 866 emtio
1436 817 1488 866 δε
1511 818 1717 866 venditio
1739 815 1886 881 qualis
1909 817 1956 866 in
1979 829 2108 873 terra,
2133 817 2206 867 sed
2223 833 2391 882 appro-

410 887 578 950 priatio
603 886 709 932 boni
735 885 783 933 δι
805 881 1028 947 veriquae
1054 899 1131 946 per
1153 881 1424 940 emtionem,
1460 884 1511 932 &
1533 883 1802 932 abalienatio
1824 898 1982 931 eorum
2001 899 2109 949 quae
2127 897 2207 947 per
2225 885 2388 935 vendi-

407 957 583 1003 tionem
601 950 908 1014 fignifie.·tur;
948 967 1024 1012 per
1049 949 1362 997 venditionem
1397 949 1538 999 etiam
1571 950 1850 1015 significatur
1883 950 2244 998 communicatio
2276 966 2390 1016 eog-

407 1021 638 1068 nitionum
673 1018 783 1065 boni
823 1018 871 1065 &
896 1015 1010 1073 veri,
1043 1032 1103 1063 ex
1137 1015 1264 1064 causa
1287 1016 1394 1080 quia
1418 1033 1499 1081 pet
1523 1017 1884 1082 negotiationem
1926 1016 2199 1078 fignificatur
2229 1020 2391 1082 cogni-

406 1087 588 1135 tionum
612 1083 794 1133 illorum
817 1081 1100 1146 comparatio
1123 1083 1172 1130 δε
1188 1083 1570 1140 communicati0‚
1606 1100 1635 1131 n
1652 1100 1670 1131 .-
1691 1082 1836 1147 2967.
1860 1099 2012 1147 4453,
2046 1082 2120 1132 sed
2144 1096 2253 1133 tunc
2275 1099 2391 1133 ven-

406 1153 526 1202 ditio
548 1151 734 1207 dicitur‚
771 1165 864 1197 non
889 1164 971 1212 per
994 1162 1251 1211 argentum.
1323 1150 1467 1212 Qiod
1495 1150 1690 1199 vendere
1710 1150 1763 1197 fit
1779 1148 2064 1206 abalienatio,
2098 1163 2226 1213 patet
2243 1151 2385 1202 etiam

396 1220 466 1268 *ab
488 1219 557 1267 his
580 1217 691 1267 locis
715 1217 760 1264 in
781 1214 954 1274 Verb0‚
988 1214 1109 1278 apud
1131 1214 1310 1264 Esaiam
1346 1223 1381 1246 “
1405 1216 1481 1264 Sic
1502 1216 1624 1264 dixit
1640 1215 1868 1278 Jehovah,
1903 1214 1985 1264 ubi
2006 1214 2388 1282 libellusrepudii

411 1285 565 1335 matris
588 1284 764 1339 vestrae,
816 1297 954 1347 quarn
983 1281 1238 1330 dimiserim
1260 1302 1274 1336 ;
1307 1293 1389 1330 aut
1410 1282 1513 1347 quis
1545 1282 1612 1331 est
1627 1285 1686 1332 de
1707 1281 1915 1331 usurariis
1937 1282 2073 1340 meis,
2107 1284 2178 1332 cui
2197 1282 2396 1334 vendide-

407 1357 492 1402 rim
513 1368 622 1406 von
656 1365 758 1399 ecce
776 1350 839 1398 ob
857 1361 1039 1413 peecata
1056 1348 1208 1396 «vestra
1226 1349 1397 1397 venditi
1413 1349 1524 1411 fiis,
1555 1351 1610 1399 δι
1623 1350 1686 1398 ob
1720 1349 2112 1414 praevaricationes
2135 1350 2298 1400 vestras
2319 1351 2394 1402 di-

408 1419 538 1469 miffa
565 1418 630 1466 est
664 1430 808 1466 mater
841 1415 983 1464 vestra
1005 1413 1120 1463 ”·1,:
1154 1433 1195 1472 1,
1234 1429 1381 1464 mater
1417 1433 1501 1481 pro
1526 1415 1743 1474 Ecclefia,
1779 1416 1977 1465 vendere
2017 1431 2102 1481 pro
2123 1417 2390 1469 abalienare.

408 1486 559 1551 Apud
583 1481 874 1534 Ezechielem
909 1489 945 1512 ‘⁴
973 1479 1116 1531 Venit
1133 1493 1334 1547 tempuS,
1367 1484 1556 1545 advenit
1575 1483 1692 1541 dies,
1726 1492 1861 1532 emtor
1898 1498 1955 1531 ne
1977 1483 2177 1540 laetetur,
2210 1484 2259 1532 δι
2295 1501 2389 1535 non

411 1552 614 1602 Venditor
632 1551 785 1614 lugeat
804 1569 818 1604 ;
851 1547 961 1614 quia
980 1548 1346 1597 excandescentia
1363 1548 1643 1616 supet-*omni
1667 1549 1968 1598 multitudine
1986 1547 2082 1611 ejus
2101 1570 2117 1605 ·,
2151 1566 2259 1598 narn
2276 1554 2390 1602 Ven-

408 1618 525 1670 ditor
539 1618 597 1667 ad
614 1632 704 1666 rem
725 1614 943 1665 venditam
965 1631 1058 1664 non
1082 1615 1268 1675 redibit,
1303 1616 1411 1664 licet
1436 1617 1551 1665 inter
1571 1617 1705 1664 vivos
1726 1615 1876 1664 adhuc
1895 1614 1985 1663 vita
2007 1616 2193 1665 illorum
2211 1615 2244 1664 ’2'
2280 1634 2358 1667 vu
2375 1636 2391 1667 ι

404 1700 492 1738 ²12·
529 1703 542 1732 r
555 1703 601 1749 3,
635 1680 699 1732 de
715 1695 830 1732 terra
849 1680 1033 1738 Israelis,
1067 1697 1175 1746 quae
1192 1682 1259 1730 est
1282 1681 1475 1731 Ecclesia
1497 1682 1758 1747 spiritualis,
1790 1682 2006 1730 venditor
2027 1698 2112 1747 pro
2128 1682 2209 1748 qui
2228 1683 2392 1734 abalie-

407 1767 594 1802 naverat
615 1766 739 1807 vera,
776 1750 827 1797 δε
849 1748 1148 1796 insinuaverat
1171 1747 1293 1797 falsa.
1363 1750 1509 1814 Apud
1528 1749 1718 1813 ,joelem
1750 1756 1789 1779 “
1813 1749 1954 1796 Filios
1974 1748 2176 1812 jehudae
2195 1750 2245 1798 δι
2267 1749 2391 1802 filios

409 1818 756 1882 Hierosolymae
776 1814 1023 1877 vendidrffis
1045 1815 1148 1863 filiis
1166 1815 1458 1873 Graecorum,
1494 1829 1544 1864 ut
1569 1815 2026 1878 longe'removeretis
2048 1830 2124 1863 eos
2144 1830 2169 1863 a
2187 1816 2392 1868 terminis

407 1901 585 1934 eorum.
656 1883 779 1935 Ecce
802 1882 911 1945 Ego
933 1883 1141 1930 excitabo
1157 1883 1302 1930 illose
1327 1881 1430 1930 loco
1451 1898 1547 1946 quo
1571 1882 1811 1943 vendidistis
1833 1881 1964 1936 illos;
2001 1882 2050 1930 ὅτ
2066 1881 2249 1931 vendam
2267 1883 2390 1933 filios

408 1952 596 2013 vestros,
630 1950 680 1999 &
704 1950 820 1999 filias
842 1949 1009 1996 vestras
1033 1950 1079 1997 in
1105 1965 1296 1997 manum
1316 1949 1518 1998 filiorum
1542 1950 1763 2012 Jehudae,
1796 1949 1876 2013 qui
1893 1946 2076 1997 vendent
2089 1948 2391 2011 eos—Sebaitis,

406 2019 586 2085 populo
608 2017 865 2082 longinquo
879 2014 914 2036 ”
952 2031 1040 2065 tv:
1066 2015 1111 2064 6.
1138 2030 1181 2078 7.
1210 2018 1256 2074 8,
1291 2017 1351 2064 de
1374 2015 1510 2079 Tyro
1528 2018 1578 2064 &
1595 2016 1783 2074 Sidone,
1817 2014 2012 2064 vendere
2027 2016 2166 2064 etiam
2184 2031 2270 2081 pro
2285 2018 2391 2069 aba-

406 2087 589 2136 lienare.
655 2084 807 2149 Apud
842 2082 1010 2131 Mosen
1047 2090 1080 2114 “
1106 2082 1238 2131 Petra
1271 2098 1433 2131 eorum
1465 2081 1661 2130 wndidit
1695 2081 1813 2140 illos,
1845 2084 1900 2132 &
1920 2082 2134 2146 Jehovah
2170 2084 2392 2134 conclulit

392 2151 558 2203 rillos”
579 2165 719 2201 xxxxi
743 2167 755 2198 τ
781 2167 879 2214 30⁹·
914 2148 1115 2198 vendere
1140 2148 1373 2198 manifeste
1394 2164 1480 2215 pro
1499 2150 1752 2198 abalienare
1772 2169 1788 2204 ς
1820 2162 1948 2213 petra
1962 2148 2012 2197 in
2030 2148 2241 2214 supremo
2264 2149 2390 2201 sensu

407 2219 476 2269 est
493 2219 723 2269 Dominus
741 2215 895 2282 quoad
915 2230 1095 2274 verum,
1130 2215 1177 2264 in
1198 2215 1566 2281 repraesentativo
1589 2216 1654 2264 est
1672 2217 1801 2272 fideS,
1837 2215 2051 2280 Jehovah
2067 2215 2132 2264 est
2154 2217 2390 2273 Dominus

404 2285 565 2353 quoad
603 2285 795 2334 bonum.
864 2282 993 2348 Qia
1027 2297 1175 2331 emere
1194 2283 1262 2332 est
1283 2282 1367 2332 fibi
1388 2291 1680 2348 comparare,
1705 2284 1755 2332 δε
1778 2281 1973 2331 vendere
1990 2282 2058 2331 est
2079 2282 2321 2333 abalienare
2342 2284 2391 2333 in

408 2354 534 2403 senlu
559 2350 796 2417 spirituali,
833 2349 938 2398 ideo
958 2364 984 2397 a
1006 2349 1218 2414 Domino
1254 2350 1478 2414 Regnum
1512 2350 1739 2398 coelorum
1779 2361 2069 2414 comparatur
2097 2350 2315 2400 vendenti
2339 2353 2392 2402 &

408 2420 602 2477 ementi,
638 2416 762 2482 apud
779 2416 1064 2467 Matthaeum
1085 2423 1136 2447 “⁴
1158 2415 1316 2466 Simile
1332 2415 1397 2464 est
1417 2417 1637 2482 Regnum
1652 2417 1882 2465 coelorum
1902 2415 2109 2465 thesauro
2125 2415 2392 2467 abscondito

411 2490 460 2535 in
483 2501 613 2550 agr0,
645 2500 787 2550 quem
811 2496 1044 2547 repertum
1080 2482 1227 2531 homo
1256 2481 1507 2542 abscondit,
1542 2485 1592 2533 &
1614 2499 1713 2549 prae
1735 2483 1905 2547 gaudio
1926 2481 2012 2531 suo
2033 2483 2141 2539 abit,
2171 2483 2225 2533 ὅτ
2246 2486 2389 2535 omnia

409 2567 662 2617 quaecunque
692 2550 832 2607 habet,
865 2548 1030 2609 vendit,
1076 2550 1128 2598 &
1161 2550 1264 2598 emit
1283 2565 1446 2614 agrum
1482 2550 1632 2599 illum.
1701 2548 1875 2598 Rursus
1906 2548 2052 2597 simile
2074 2549 2139 2597 est
2163 2550 2384 2615 Regnum

405 2623 637 2669 coelorum
662 2616 841 2665 homini
878 2616 1149 2678 negotiatori
1182 2617 1408 2680 quaerenti
1446 2617 1655 2682 pulchras
1693 2616 1992 2680 margaritas3
2025 2617 2236 2682 quicum
2261 2618 2390 2664 inve-

408 2686 543 2735 niffet
572 2700 710 2733 unam
749 2681 988 2747 pretiosam
1028 2685 1338 2744 margaritam,
1371 2684 1500 2741 abiit,
1533 2683 1586 2732 &
1607 2683 1800 2732 vendidit
1830 2684 1969 2731 omnia
2007 2696 2100 2749 quae
2127 2682 2294 2740 habuit,
2327 2684 2383 2732 ’δε

404 2754 526 2801 emit
560 2751 684 2799 illam
699 2750 731 2770 '²
767 2765 868 2798 xm
891 2765 903 2795 ε
927 2765 1009 2808 44.
1037 2765 1115 2810 54.
1143 2749 1208 2808 46
1226 2754 1245 2802 ’·,
1283 2749 1509 2813 Regnum
1546 2750 1776 2799 coelorum
1802 2764 1888 2812 pro
1907 2749 2032 2797 bono
2056 2750 2106 2798 δε
2126 2762 2236 2796 vero
2258 2750 2384 2813 apud

410 2820 668 2874 hominem,
705 2820 769 2868 ita
793 2830 876 2878 pro
892 2816 1021 2864 coelo
1041 2814 1166 2878 apud
1189 2815 1316 2863 illum
1338 2836 1353 2871 ;
1386 2832 1492 2880 ager
1510 2832 1594 2880 pro
1612 2818 1752 2875 bono,
1788 2816 1839 2865 ὅτ
1864 2815 2103 2878 marga-rita
2127 2829 2212 2878 pro
2236 2831 2349 2864 vero
2370 2838 2384 2872 ;

400 2901 559 2935 emere
582 2900 665 2948 pro
687 2897 943 2946 comparare
965 2883 1017 2930 ὅτ
1036 2883 1326 2946 appropriare
1349 2882 1428 2932 libi
1454 2883 1548 2941 illa,
1583 2884 1780 2943 vendere
1815 2876 1972 2931 omnia
2005 2896 2113 2946 quae
2143 2881 2277 2930 habet
2299 2898 2386 2946 pro

405 2952 651 3000 abalienare
691 2947 931 3014 proprium
954 2949 1082 3014 quod
1102 2947 1167 2997 illi
1193 2947 1333 3012 prius,
1366 2950 1424 2998 ita
1447 2952 1564 2998 mala
1581 2951 1636 2999 ὅτ
1659 2949 1780 3006 falsa,
1815 2963 1924 2996 nam
1945 2944 2052 2995 haec
2069 2947 2242 3010 proprii
2265 2947 2387 2999 sunt.-

381 3018 552 3080 'Apud
579 3018 754 3069 Lucam
790 3023 823 3045 “
848 3012 980 3077 Jesus
998 3014 1054 3061 ad
1066 3013 1600 3081 juvenemprincipem3
1634 3017 1783 3064 adhuc
1803 3028 1950 3061 unum
1965 3012 2049 3061 tibi
2067 3013 2208 3071 deest,
2241 3018 2386 3065 omnia

396 3101 493 3150 quae
515 3083 654 3139 habes,
687 3080 839 3139 vende,
875 3081 927 3129 δι’
947 3078 1166 3129 distribue
1204 3083 1477 3145 pauperibus
1498 3103 1512 3138 ς
1549 3095 1659 3131 tunc
1682 3081 1867 3130 habebis
1892 3078 2147 3128 thesaurum
2170 3081 2217 3129 in
2239 3083 2383 3144 coelo,

397 3154 452 3201 &
479 3150 603 3209 veni,
638 3148 821 3216 sequere
846 3148 966 3196 me⁸²
1000 3160 1133 3196 xvxii
1155 3163 1166 3196 :
1193 3162 1252 3198 22
1278 3168 1293 3204 3
1327 3150 1374 3198 in
1400 3149 1525 3199 sensu
1549 3150 1728 3212 interno
1746 3162 1827 3215 pet
1845 3145 1922 3197 illa
1937 3148 2076 3199 verba
2100 3147 2386 3264 intelligitug,

2251 3230 2344 3285 quo
