<?xml version="1.0" encoding="UTF-8"?>
<!DOCTYPE html PUBLIC "-//W3C//DTD XHTML 1.0 Transitional//EN"
    "http://www.w3.org/TR/xhtml1/DTD/xhtml1-transitional.dtd">
<html xmlns="http://www.w3.org/1999/xhtml" xml:lang="en" lang="en">
 <head>
  <title>
</title>
<meta http-equiv="Content-Type" content="text/html;charset=utf-8" />
  <meta name='ocr-system' content='tesseract 3.04.00' />
  <meta name='ocr-capabilities' content='ocr_page ocr_carea ocr_par ocr_line ocrx_word'/>
</head>
<body>
  <div class='ocr_page' id='page_1' title='image "arcanacaelestiaq05sweduoft_0350.png"; bbox 0 0 2566 3640; ppageno 0'>
   <div class='ocr_carea' id='block_1_1' title="bbox 276 222 1908 339">
    <p class='ocr_par' dir='ltr' id='par_1_1' title="bbox 276 222 1908 339">
     <span class='ocr_line' id='line_1_1' title="bbox 276 222 1908 339; baseline 0.001 -36"><span class='ocrx_word' id='word_1_1' title='bbox 276 236 480 339; x_wconf 26' lang='lat'><em>1346*</em></span> <span class='ocrx_word' id='word_1_2' title='bbox 654 233 719 301; x_wconf 77' lang='lat' dir='ltr'><strong><em>G</em></strong></span> <span class='ocrx_word' id='word_1_3' title='bbox 856 225 927 303; x_wconf 85' lang='lat' dir='ltr'><em>-E</em></span> <span class='ocrx_word' id='word_1_4' title='bbox 1057 222 1149 302; x_wconf 93' lang='lat' dir='ltr'><em>N</em></span> <span class='ocrx_word' id='word_1_5' title='bbox 1274 227 1352 303; x_wconf 66' lang='lat' dir='ltr'><em>»E</em></span> <span class='ocrx_word' id='word_1_6' title='bbox 1468 226 1536 303; x_wconf 61' lang='lat'><em>{5</em></span> <span class='ocrx_word' id='word_1_7' title='bbox 1662 232 1723 303; x_wconf 76' lang='lat' dir='ltr'><em>-I</em></span> <span class='ocrx_word' id='word_1_8' title='bbox 1839 231 1908 305; x_wconf 60' lang='lat'><em>25.</em></span> 
     </span>
    </p>
   </div>
   <div class='ocr_carea' id='block_1_2' title="bbox 302 358 2374 3279">
    <p class='ocr_par' dir='ltr' id='par_1_2' title="bbox 302 358 2374 3279">
     <span class='ocr_line' id='line_1_2' title="bbox 315 358 2311 428; baseline 0.004 -19"><span class='ocrx_word' id='word_1_9' title='bbox 315 366 456 409; x_wconf 81' lang='lat' dir='ltr'><em>coram</em></span> <span class='ocrx_word' id='word_1_10' title='bbox 485 360 662 420; x_wconf 85' lang='lat' dir='ltr'><em>domino,</em></span> <span class='ocrx_word' id='word_1_11' title='bbox 692 372 984 426; x_wconf 60' lang='lat' dir='ltr'><em>praeterquam</em></span> <span class='ocrx_word' id='word_1_12' title='bbox 1008 374 1162 424; x_wconf 86' lang='lat' dir='ltr'><em>corpus</em></span> <span class='ocrx_word' id='word_1_13' title='bbox 1184 363 1380 424; x_wconf 77' lang='lat' dir='ltr'><em>nostrum,</em></span> <span class='ocrx_word' id='word_1_14' title='bbox 1411 362 1649 422; x_wconf 80' lang='lat' dir='ltr'><em>&amp;humus</em></span> <span class='ocrx_word' id='word_1_15' title='bbox 1668 364 1828 428; x_wconf 70' lang='lat' dir='ltr'><em>nolim.</em></span> <span class='ocrx_word' id='word_1_16' title='bbox 1898 358 2311 428; x_wconf 68' lang='lat' dir='ltr'><em>Qum-morientur</em></span> 
     </span>
     <span class='ocr_line' id='line_1_3' title="bbox 318 426 2347 497; baseline 0.003 -21"><span class='ocrx_word' id='word_1_17' title='bbox 318 430 378 477; x_wconf 83' lang='lat' dir='ltr'><em>ad</em></span> <span class='ocrx_word' id='word_1_18' title='bbox 400 430 532 478; x_wconf 86' lang='lat' dir='ltr'><em>oculos</em></span> <span class='ocrx_word' id='word_1_19' title='bbox 555 440 665 486; x_wconf 87' lang='lat' dir='ltr'><em>tuos,</em></span> <span class='ocrx_word' id='word_1_20' title='bbox 703 432 832 476; x_wconf 88' lang='lat' dir='ltr'><em>etiam</em></span> <span class='ocrx_word' id='word_1_21' title='bbox 857 445 944 484; x_wconf 90' lang='lat' dir='ltr'><em>nos,</em></span> <span class='ocrx_word' id='word_1_22' title='bbox 996 431 1127 476; x_wconf 87' lang='lat' dir='ltr'><em>etiam</em></span> <span class='ocrx_word' id='word_1_23' title='bbox 1150 429 1302 477; x_wconf 83' lang='lat' dir='ltr'><em>humus</em></span> <span class='ocrx_word' id='word_1_24' title='bbox 1324 426 1491 489; x_wconf 79' lang='lat' dir='ltr'><em>nostra,</em></span> <span class='ocrx_word' id='word_1_25' title='bbox 1511 430 1603 477; x_wconf 55' lang='lat' dir='ltr'><em>eme</em></span> <span class='ocrx_word' id='word_1_26' title='bbox 1623 446 1711 488; x_wconf 87' lang='lat' dir='ltr'><em>nos,</em></span> <span class='ocrx_word' id='word_1_27' title='bbox 1741 431 1803 480; x_wconf 62' lang='grc' dir='ltr'><em>’ξεῖ</em></span> <span class='ocrx_word' id='word_1_28' title='bbox 1825 426 2000 480; x_wconf 78' lang='lat' dir='ltr'><em>humum</em></span> <span class='ocrx_word' id='word_1_29' title='bbox 2026 433 2206 493; x_wconf 81' lang='lat' dir='ltr'><em>nostram</em></span> <span class='ocrx_word' id='word_1_30' title='bbox 2223 447 2307 497; x_wconf 83' lang='lat' dir='ltr'><em>pro</em></span> <span class='ocrx_word' id='word_1_31' title='bbox 2343 457 2347 460; x_wconf 52' lang='lat'>²</span> 
     </span>
     <span class='ocr_line' id='line_1_4' title="bbox 313 494 2305 560; baseline 0.002 -16"><span class='ocrx_word' id='word_1_32' title='bbox 313 511 446 560; x_wconf 84' lang='lat' dir='ltr'><em>pane,</em></span> <span class='ocrx_word' id='word_1_33' title='bbox 475 495 541 544; x_wconf 69' lang='lat'><em>&amp;2³</em></span> <span class='ocrx_word' id='word_1_34' title='bbox 558 498 754 544; x_wconf 85' lang='lat' dir='ltr'><em>vivemus</em></span> <span class='ocrx_word' id='word_1_35' title='bbox 772 510 860 552; x_wconf 87' lang='lat' dir='ltr'><em>nos,</em></span> <span class='ocrx_word' id='word_1_36' title='bbox 897 494 952 544; x_wconf 77' lang='lat'><em>&amp;²</em></span> <span class='ocrx_word' id='word_1_37' title='bbox 968 495 1121 542; x_wconf 87' lang='lat' dir='ltr'><em>humus</em></span> <span class='ocrx_word' id='word_1_38' title='bbox 1143 495 1299 555; x_wconf 81' lang='lat' dir='ltr'><em>nostra,</em></span> <span class='ocrx_word' id='word_1_39' title='bbox 1323 498 1449 558; x_wconf 86' lang='lat' dir='ltr'><em>servi</em></span> <span class='ocrx_word' id='word_1_40' title='bbox 1471 496 1722 552; x_wconf 79' lang='lat' dir='ltr'><em>Pharaoni,</em></span> <span class='ocrx_word' id='word_1_41' title='bbox 1747 497 1804 546; x_wconf 78' lang='lat'><em>&amp;³</em></span> <span class='ocrx_word' id='word_1_42' title='bbox 1825 497 1882 544; x_wconf 88' lang='lat' dir='ltr'><em>da</em></span> <span class='ocrx_word' id='word_1_43' title='bbox 1892 499 2052 560; x_wconf 81' lang='lat' dir='ltr'><em>semen,</em></span> <span class='ocrx_word' id='word_1_44' title='bbox 2092 499 2148 548; x_wconf 64' lang='grc' dir='ltr'><em>δέ’</em></span> <span class='ocrx_word' id='word_1_45' title='bbox 2170 502 2305 549; x_wconf 85' lang='lat' dir='ltr'><em>viva·</em></span> 
     </span>
     <span class='ocr_line' id='line_1_5' title="bbox 323 561 2304 625; baseline 0.002 -15"><span class='ocrx_word' id='word_1_46' title='bbox 323 580 416 611; x_wconf 85' lang='lat' dir='ltr'><em>mus</em></span> <span class='ocrx_word' id='word_1_47' title='bbox 435 561 490 610; x_wconf 82' lang='lat'><em>&amp;</em></span> <span class='ocrx_word' id='word_1_48' title='bbox 511 574 590 608; x_wconf 86' lang='lat' dir='ltr'><em>non</em></span> <span class='ocrx_word' id='word_1_49' title='bbox 610 565 854 616; x_wconf 86' lang='lat' dir='ltr'><em>moriemur,</em></span> <span class='ocrx_word' id='word_1_50' title='bbox 891 561 947 610; x_wconf 57' lang='grc' dir='ltr'><em>δέ</em></span> <span class='ocrx_word' id='word_1_51' title='bbox 962 561 1117 609; x_wconf 85' lang='lat' dir='ltr'><em>humus</em></span> <span class='ocrx_word' id='word_1_52' title='bbox 1140 576 1218 608; x_wconf 90' lang='lat' dir='ltr'><em>non</em></span> <span class='ocrx_word' id='word_1_53' title='bbox 1238 562 1411 619; x_wconf 83' lang='lat' dir='ltr'><em>vastata</em></span> <span class='ocrx_word' id='word_1_54' title='bbox 1422 562 1500 623; x_wconf 81' lang='lat' dir='ltr'><em>fit.</em></span> <span class='ocrx_word' id='word_1_55' title='bbox 1571 563 1636 610; x_wconf 84' lang='lat' dir='ltr'><em>Et</em></span> <span class='ocrx_word' id='word_1_56' title='bbox 1659 564 1930 625; x_wconf 84' lang='lat' dir='ltr'><em>emit&#39;Joseph</em></span> <span class='ocrx_word' id='word_1_57' title='bbox 1952 580 2106 613; x_wconf 84' lang='lat' dir='ltr'><em>omnem</em></span> <span class='ocrx_word' id='word_1_58' title='bbox 2131 566 2304 614; x_wconf 85' lang='lat' dir='ltr'><em>humum</em></span> 
     </span>
     <span class='ocr_line' id='line_1_6' title="bbox 325 627 2304 695; baseline 0.004 -22"><span class='ocrx_word' id='word_1_59' title='bbox 325 630 510 691; x_wconf 81' lang='lat' dir='ltr'><em>AEgypti</em></span> <span class='ocrx_word' id='word_1_60' title='bbox 532 629 770 683; x_wconf 85' lang='lat' dir='ltr'><em>Pharaoni,</em></span> <span class='ocrx_word' id='word_1_61' title='bbox 808 629 915 690; x_wconf 74' lang='lat' dir='ltr'><em>vquia</em></span> <span class='ocrx_word' id='word_1_62' title='bbox 938 627 1220 675; x_wconf 86' lang='lat' dir='ltr'><em>vendiderunt</em></span> <span class='ocrx_word' id='word_1_63' title='bbox 1243 629 1445 692; x_wconf 80' lang='lat' dir='ltr'><em>AEgyptii</em></span> <span class='ocrx_word' id='word_1_64' title='bbox 1467 628 1633 692; x_wconf 86' lang='lat' dir='ltr'><em>quisque</em></span> <span class='ocrx_word' id='word_1_65' title='bbox 1655 641 1823 693; x_wconf 81' lang='lat' dir='ltr'><em>agrum.</em></span> <span class='ocrx_word' id='word_1_66' title='bbox 1823 633 1968 692; x_wconf 79' lang='lat' dir='ltr'><em>suum,</em></span> <span class='ocrx_word' id='word_1_67' title='bbox 2019 635 2214 695; x_wconf 85' lang='lat' dir='ltr'><em>quoniam</em></span> <span class='ocrx_word' id='word_1_68' title='bbox 2237 637 2304 680; x_wconf 87' lang='lat' dir='ltr'><em>in-</em></span> 
     </span>
     <span class='ocr_line' id='line_1_7' title="bbox 323 693 2306 759; baseline 0.002 -16"><span class='ocrx_word' id='word_1_69' title='bbox 323 698 468 743; x_wconf 83' lang='lat' dir='ltr'><em>valuit</em></span> <span class='ocrx_word' id='word_1_70' title='bbox 474 695 605 758; x_wconf 80' lang='lat' dir='ltr'><em>fitper</em></span> <span class='ocrx_word' id='word_1_71' title='bbox 622 696 713 744; x_wconf 88' lang='lat' dir='ltr'><em>illos</em></span> <span class='ocrx_word' id='word_1_72' title='bbox 716 696 860 759; x_wconf 87' lang='lat' dir='ltr'><em>fames</em></span> <span class='ocrx_word' id='word_1_73' title='bbox 880 715 893 745; x_wconf 94' lang='lat'><em>·‚</em></span> <span class='ocrx_word' id='word_1_74' title='bbox 929 693 1086 757; x_wconf 81' lang='lat' dir='ltr'><em>&amp;fuit</em></span> <span class='ocrx_word' id='word_1_75' title='bbox 1102 703 1223 742; x_wconf 89' lang='lat' dir='ltr'><em>terra</em></span> <span class='ocrx_word' id='word_1_76' title='bbox 1241 695 1481 744; x_wconf 83' lang='lat' dir='ltr'><em>Pharaoni.</em></span> <span class='ocrx_word' id='word_1_77' title='bbox 1554 696 1618 747; x_wconf 85' lang='lat' dir='ltr'><em>Et</em></span> <span class='ocrx_word' id='word_1_78' title='bbox 1639 695 1836 757; x_wconf 86' lang='lat' dir='ltr'><em>populum</em></span> <span class='ocrx_word' id='word_1_79' title='bbox 1851 694 2079 755; x_wconf 55' lang='lat' dir='ltr'><em>*transtulit</em></span> <span class='ocrx_word' id='word_1_80' title='bbox 2101 698 2220 747; x_wconf 89' lang='lat' dir='ltr'><em>illum</em></span> <span class='ocrx_word' id='word_1_81' title='bbox 2245 697 2306 747; x_wconf 90' lang='lat' dir='ltr'><em>ad</em></span> 
     </span>
     <span class='ocr_line' id='line_1_8' title="bbox 319 759 2304 825; baseline 0.002 -16"><span class='ocrx_word' id='word_1_82' title='bbox 319 762 467 817; x_wconf 81' lang='lat' dir='ltr'><em>urbes,</em></span> <span class='ocrx_word' id='word_1_83' title='bbox 503 777 529 805; x_wconf 89' lang='lat' dir='ltr'><em>a</em></span> <span class='ocrx_word' id='word_1_84' title='bbox 537 760 626 820; x_wconf 88' lang='lat' dir='ltr'><em>fine</em></span> <span class='ocrx_word' id='word_1_85' title='bbox 641 763 810 808; x_wconf 87' lang='lat' dir='ltr'><em>termini</em></span> <span class='ocrx_word' id='word_1_86' title='bbox 833 761 1015 825; x_wconf 83' lang='lat' dir='ltr'><em>AEgypti</em></span> <span class='ocrx_word' id='word_1_87' title='bbox 1034 760 1230 823; x_wconf 89' lang='lat' dir='ltr'><em>adfinem</em></span> <span class='ocrx_word' id='word_1_88' title='bbox 1248 760 1374 810; x_wconf 83' lang='lat' dir='ltr'><em>illius.</em></span> <span class='ocrx_word' id='word_1_89' title='bbox 1443 760 1587 810; x_wconf 84' lang='lat' dir='ltr'><em>Solum</em></span> <span class='ocrx_word' id='word_1_90' title='bbox 1598 759 2073 809; x_wconf 72' lang='lat' dir='ltr'><em>‘Sacerdotumhumum</em></span> <span class='ocrx_word' id='word_1_91' title='bbox 2088 779 2167 812; x_wconf 87' lang='lat' dir='ltr'><em>non</em></span> <span class='ocrx_word' id='word_1_92' title='bbox 2186 768 2304 823; x_wconf 86' lang='lat' dir='ltr'><em>emit,</em></span> 
     </span>
     <span class='ocr_line' id='line_1_9' title="bbox 302 827 2374 892; baseline 0.002 -18"><span class='ocrx_word' id='word_1_93' title='bbox 302 833 305 837; x_wconf 81' lang='grc'><strong>“</strong></span> <span class='ocrx_word' id='word_1_94' title='bbox 324 832 422 892; x_wconf 73' lang='lat' dir='ltr'><em>quia</em></span> <span class='ocrx_word' id='word_1_95' title='bbox 439 841 547 890; x_wconf 85' lang='lat' dir='ltr'><em>pars</em></span> <span class='ocrx_word' id='word_1_96' title='bbox 557 828 726 888; x_wconf 85' lang='lat' dir='ltr'><em>statuta</em></span> <span class='ocrx_word' id='word_1_97' title='bbox 744 827 1035 875; x_wconf 83' lang='lat' dir='ltr'><em>Sacerdotibus</em></span> <span class='ocrx_word' id='word_1_98' title='bbox 1053 843 1101 874; x_wconf 87' lang='lat' dir='ltr'><em>ex</em></span> <span class='ocrx_word' id='word_1_99' title='bbox 1122 827 1367 885; x_wconf 84' lang='lat' dir='ltr'><em>Pharaone,</em></span> <span class='ocrx_word' id='word_1_100' title='bbox 1406 827 1462 877; x_wconf 60' lang='grc' dir='ltr'><em>ἐφ’</em></span> <span class='ocrx_word' id='word_1_101' title='bbox 1481 827 1743 875; x_wconf 86' lang='lat' dir='ltr'><em>comederunt</em></span> <span class='ocrx_word' id='word_1_102' title='bbox 1757 836 1930 888; x_wconf 89' lang='lat' dir='ltr'><em>partem</em></span> <span class='ocrx_word' id='word_1_103' title='bbox 1936 827 2154 888; x_wconf 86' lang='lat' dir='ltr'><em>statutam</em></span> <span class='ocrx_word' id='word_1_104' title='bbox 2163 831 2306 892; x_wconf 70' lang='lat' dir='ltr'><em>fitam,</em></span> <span class='ocrx_word' id='word_1_105' title='bbox 2367 847 2374 855; x_wconf 66' lang='grc'><em>’</em></span> 
     </span>
     <span class='ocr_line' id='line_1_10' title="bbox 320 888 2307 959; baseline 0.002 -19"><span class='ocrx_word' id='word_1_106' title='bbox 320 910 448 959; x_wconf 83' lang='lat' dir='ltr'><em>quam</em></span> <span class='ocrx_word' id='word_1_107' title='bbox 466 891 642 942; x_wconf 86' lang='lat' dir='ltr'><em>dederat</em></span> <span class='ocrx_word' id='word_1_108' title='bbox 655 894 743 942; x_wconf 86' lang='lat' dir='ltr'><em>illis</em></span> <span class='ocrx_word' id='word_1_109' title='bbox 759 894 956 950; x_wconf 75' lang='lat' dir='ltr'><em>Pharao,</em></span> <span class='ocrx_word' id='word_1_110' title='bbox 979 903 1207 956; x_wconf 86' lang='lat' dir='ltr'><em>propterea</em></span> <span class='ocrx_word' id='word_1_111' title='bbox 1224 910 1303 942; x_wconf 90' lang='lat' dir='ltr'><em>non</em></span> <span class='ocrx_word' id='word_1_112' title='bbox 1321 888 1601 942; x_wconf 84' lang='lat' dir='ltr'><em>vendiderunt</em></span> <span class='ocrx_word' id='word_1_113' title='bbox 1624 894 1796 941; x_wconf 87' lang='lat' dir='ltr'><em>humum</em></span> <span class='ocrx_word' id='word_1_114' title='bbox 1801 897 1944 954; x_wconf 88' lang='lat' dir='ltr'><em>suam.</em></span> <span class='ocrx_word' id='word_1_115' title='bbox 2017 895 2082 942; x_wconf 88' lang='lat' dir='ltr'><em>Et</em></span> <span class='ocrx_word' id='word_1_116' title='bbox 2099 894 2210 943; x_wconf 80' lang='lat' dir='ltr'><em>dixit</em></span> <span class='ocrx_word' id='word_1_117' title='bbox 2227 897 2307 958; x_wconf 89' lang='lat' dir='ltr'><em>Jo-</em></span> 
     </span>
     <span class='ocr_line' id='line_1_11' title="bbox 306 958 2309 1025; baseline 0 -17"><span class='ocrx_word' id='word_1_118' title='bbox 306 962 417 1025; x_wconf 74' lang='lat' dir='ltr'><em>Jeph</em></span> <span class='ocrx_word' id='word_1_119' title='bbox 440 958 500 1007; x_wconf 89' lang='lat' dir='ltr'><em>ad</em></span> <span class='ocrx_word' id='word_1_120' title='bbox 512 962 730 1022; x_wconf 86' lang='lat' dir='ltr'><em>populum,</em></span> <span class='ocrx_word' id='word_1_121' title='bbox 784 975 874 1008; x_wconf 88' lang='lat' dir='ltr'><em>ecce</em></span> <span class='ocrx_word' id='word_1_122' title='bbox 893 962 973 1006; x_wconf 88' lang='lat' dir='ltr'><em>emi</em></span> <span class='ocrx_word' id='word_1_123' title='bbox 994 976 1069 1007; x_wconf 83' lang='lat' dir='ltr'><em>vos</em></span> <span class='ocrx_word' id='word_1_124' title='bbox 1094 959 1228 1017; x_wconf 79' lang='lat' dir='ltr'><em>hodie,</em></span> <span class='ocrx_word' id='word_1_125' title='bbox 1265 961 1434 1008; x_wconf 85' lang='lat' dir='ltr'><em>humum</em></span> <span class='ocrx_word' id='word_1_126' title='bbox 1463 960 1648 1020; x_wconf 75' lang='lat' dir='ltr'><em>vestram</em></span> <span class='ocrx_word' id='word_1_127' title='bbox 1672 961 1913 1017; x_wconf 87' lang='lat' dir='ltr'><em>Pharaoni,</em></span> <span class='ocrx_word' id='word_1_128' title='bbox 1950 976 2000 1008; x_wconf 86' lang='lat' dir='ltr'><em>en</em></span> <span class='ocrx_word' id='word_1_129' title='bbox 2021 961 2140 1009; x_wconf 87' lang='lat' dir='ltr'><em>vobis</em></span> <span class='ocrx_word' id='word_1_130' title='bbox 2152 962 2309 1024; x_wconf 87' lang='lat' dir='ltr'><em>semen,</em></span> 
     </span>
     <span class='ocr_line' id='line_1_12' title="bbox 326 1026 2311 1091; baseline -0.001 -15"><span class='ocrx_word' id='word_1_131' title='bbox 326 1028 550 1088; x_wconf 81' lang='lat' dir='ltr'><em>&amp;seratis</em></span> <span class='ocrx_word' id='word_1_132' title='bbox 568 1027 753 1074; x_wconf 86' lang='lat' dir='ltr'><em>humum.</em></span> <span class='ocrx_word' id='word_1_133' title='bbox 826 1027 890 1074; x_wconf 92' lang='lat' dir='ltr'><em>Et</em></span> <span class='ocrx_word' id='word_1_134' title='bbox 912 1028 1011 1082; x_wconf 86' lang='lat' dir='ltr'><em>erit,</em></span> <span class='ocrx_word' id='word_1_135' title='bbox 1048 1028 1092 1072; x_wconf 89' lang='lat' dir='ltr'><em>in</em></span> <span class='ocrx_word' id='word_1_136' title='bbox 1098 1027 1378 1087; x_wconf 84' lang='lat' dir='ltr'><em>proventibus</em></span> <span class='ocrx_word' id='word_1_137' title='bbox 1392 1026 1448 1075; x_wconf 62' lang='grc' dir='ltr'><em>ἔθ’</em></span> <span class='ocrx_word' id='word_1_138' title='bbox 1463 1026 1618 1073; x_wconf 85' lang='lat' dir='ltr'><em>dabitis</em></span> <span class='ocrx_word' id='word_1_139' title='bbox 1639 1028 1828 1089; x_wconf 83' lang='lat' dir='ltr'><em>quintam</em></span> <span class='ocrx_word' id='word_1_140' title='bbox 1852 1027 2091 1083; x_wconf 87' lang='lat' dir='ltr'><em>Pharaoni,</em></span> <span class='ocrx_word' id='word_1_141' title='bbox 2128 1027 2185 1077; x_wconf 57' lang='grc' dir='ltr'><em>δέ</em></span> <span class='ocrx_word' id='word_1_142' title='bbox 2207 1028 2311 1091; x_wconf 76' lang='lat' dir='ltr'><em>qua-</em></span> 
     </span>
     <span class='ocr_line' id='line_1_13' title="bbox 325 1091 2344 1157; baseline 0.001 -17"><span class='ocrx_word' id='word_1_143' title='bbox 325 1104 426 1141; x_wconf 88' lang='lat' dir='ltr'><em>tuor</em></span> <span class='ocrx_word' id='word_1_144' title='bbox 435 1103 586 1153; x_wconf 87' lang='lat' dir='ltr'><em>partes</em></span> <span class='ocrx_word' id='word_1_145' title='bbox 608 1095 692 1139; x_wconf 84' lang='lat' dir='ltr'><em>erit</em></span> <span class='ocrx_word' id='word_1_146' title='bbox 708 1091 825 1140; x_wconf 85' lang='lat' dir='ltr'><em>vobis</em></span> <span class='ocrx_word' id='word_1_147' title='bbox 846 1091 906 1138; x_wconf 89' lang='lat' dir='ltr'><em>ad</em></span> <span class='ocrx_word' id='word_1_148' title='bbox 913 1093 1054 1155; x_wconf 84' lang='lat' dir='ltr'><em>semen</em></span> <span class='ocrx_word' id='word_1_149' title='bbox 1069 1095 1186 1157; x_wconf 86' lang='lat' dir='ltr'><em>agri,</em></span> <span class='ocrx_word' id='word_1_150' title='bbox 1222 1092 1279 1142; x_wconf 68' lang='lat'><em>69²</em></span> <span class='ocrx_word' id='word_1_151' title='bbox 1301 1091 1363 1140; x_wconf 87' lang='lat' dir='ltr'><em>ad</em></span> <span class='ocrx_word' id='word_1_152' title='bbox 1382 1092 1524 1140; x_wconf 90' lang='lat' dir='ltr'><em>cibum</em></span> <span class='ocrx_word' id='word_1_153' title='bbox 1534 1093 1739 1154; x_wconf 76' lang='lat' dir='ltr'><em>vestrum,</em></span> <span class='ocrx_word' id='word_1_154' title='bbox 1752 1101 1759 1115; x_wconf 72' lang='lat'><strong>²</strong></span> <span class='ocrx_word' id='word_1_155' title='bbox 1776 1091 1832 1139; x_wconf 66' lang='lat'><em>&amp;⁷</em></span> <span class='ocrx_word' id='word_1_156' title='bbox 1850 1093 1938 1139; x_wconf 91' lang='lat' dir='ltr'><em>illis</em></span> <span class='ocrx_word' id='word_1_157' title='bbox 1955 1091 1999 1139; x_wconf 86' lang='lat' dir='ltr'><em>in</em></span> <span class='ocrx_word' id='word_1_158' title='bbox 2016 1094 2204 1142; x_wconf 85' lang='lat' dir='ltr'><em>domibus</em></span> <span class='ocrx_word' id='word_1_159' title='bbox 2216 1096 2309 1157; x_wconf 69' lang='lat' dir='ltr'><em>vest</em></span> <span class='ocrx_word' id='word_1_160' title='bbox 2340 1154 2344 1157; x_wconf 18' lang='lat' dir='ltr'>f</span> 
     </span>
     <span class='ocr_line' id='line_1_14' title="bbox 322 1158 2308 1222; baseline 0 -15"><span class='ocrx_word' id='word_1_161' title='bbox 322 1163 423 1215; x_wconf 84' lang='lat' dir='ltr'><em>tris,</em></span> <span class='ocrx_word' id='word_1_162' title='bbox 476 1159 531 1208; x_wconf 55' lang='grc' dir='ltr'><em>δέ</em></span> <span class='ocrx_word' id='word_1_163' title='bbox 555 1158 615 1206; x_wconf 87' lang='lat' dir='ltr'><em>ad</em></span> <span class='ocrx_word' id='word_1_164' title='bbox 638 1158 774 1205; x_wconf 86' lang='lat' dir='ltr'><em>cibum</em></span> <span class='ocrx_word' id='word_1_165' title='bbox 796 1158 1028 1222; x_wconf 86' lang='lat' dir='ltr'><em>infantibus</em></span> <span class='ocrx_word' id='word_1_166' title='bbox 1052 1159 1217 1218; x_wconf 75' lang='lat' dir='ltr'><em>vestris.</em></span> <span class='ocrx_word' id='word_1_167' title='bbox 1289 1160 1352 1206; x_wconf 88' lang='lat' dir='ltr'><em>Et</em></span> <span class='ocrx_word' id='word_1_168' title='bbox 1374 1159 1594 1214; x_wconf 84' lang='lat' dir='ltr'><em>dixerunt,</em></span> <span class='ocrx_word' id='word_1_169' title='bbox 1644 1158 1879 1218; x_wconf 75' lang='lat' dir='ltr'><em>vivificasti</em></span> <span class='ocrx_word' id='word_1_170' title='bbox 1899 1174 1990 1215; x_wconf 89' lang='lat' dir='ltr'><em>nos,</em></span> <span class='ocrx_word' id='word_1_171' title='bbox 2040 1161 2308 1208; x_wconf 88' lang='lat' dir='ltr'><em>inveniamus</em></span> 
     </span>
     <span class='ocr_line' id='line_1_15' title="bbox 313 1223 2309 1290; baseline 0.001 -17"><span class='ocrx_word' id='word_1_172' title='bbox 313 1227 512 1290; x_wconf 76' lang='lat' dir='ltr'><em>gratiam</em></span> <span class='ocrx_word' id='word_1_173' title='bbox 530 1229 575 1272; x_wconf 88' lang='lat' dir='ltr'><em>in</em></span> <span class='ocrx_word' id='word_1_174' title='bbox 591 1225 719 1272; x_wconf 88' lang='lat' dir='ltr'><em>oeulis</em></span> <span class='ocrx_word' id='word_1_175' title='bbox 736 1223 907 1281; x_wconf 87' lang='lat' dir='ltr'><em>domini,</em></span> <span class='ocrx_word' id='word_1_176' title='bbox 943 1223 998 1274; x_wconf 82' lang='lat'><em>&amp;</em></span> <span class='ocrx_word' id='word_1_177' title='bbox 1021 1227 1177 1272; x_wconf 87' lang='lat' dir='ltr'><em>erimus</em></span> <span class='ocrx_word' id='word_1_178' title='bbox 1182 1225 1308 1287; x_wconf 67' lang='lat' dir='ltr'><em>sbrvi</em></span> <span class='ocrx_word' id='word_1_179' title='bbox 1322 1225 1558 1273; x_wconf 83' lang='lat' dir='ltr'><em>Pharaoni.</em></span> <span class='ocrx_word' id='word_1_180' title='bbox 1630 1226 1694 1272; x_wconf 87' lang='lat' dir='ltr'><em>Et</em></span> <span class='ocrx_word' id='word_1_181' title='bbox 1708 1224 1844 1287; x_wconf 85' lang='lat' dir='ltr'><em>posuit</em></span> <span class='ocrx_word' id='word_1_182' title='bbox 1865 1223 1976 1273; x_wconf 89' lang='lat' dir='ltr'><em>illud</em></span> <span class='ocrx_word' id='word_1_183' title='bbox 1989 1225 2143 1289; x_wconf 82' lang='lat' dir='ltr'><em>Joseph</em></span> <span class='ocrx_word' id='word_1_184' title='bbox 2159 1226 2309 1287; x_wconf 85' lang='lat' dir='ltr'><em>adsta·</em></span> 
     </span>
     <span class='ocr_line' id='line_1_16' title="bbox 322 1289 2310 1356; baseline 0.001 -16"><span class='ocrx_word' id='word_1_185' title='bbox 322 1302 468 1341; x_wconf 82' lang='lat' dir='ltr'><em>tutum</em></span> <span class='ocrx_word' id='word_1_186' title='bbox 493 1292 617 1355; x_wconf 80' lang='lat' dir='ltr'><em>usque</em></span> <span class='ocrx_word' id='word_1_187' title='bbox 638 1290 699 1338; x_wconf 90' lang='lat' dir='ltr'><em>ad</em></span> <span class='ocrx_word' id='word_1_188' title='bbox 712 1290 818 1338; x_wconf 87' lang='lat' dir='ltr'><em>diem</em></span> <span class='ocrx_word' id='word_1_189' title='bbox 842 1291 953 1339; x_wconf 84' lang='lat' dir='ltr'><em>hunc</em></span> <span class='ocrx_word' id='word_1_190' title='bbox 965 1291 1099 1354; x_wconf 89' lang='lat' dir='ltr'><em>super</em></span> <span class='ocrx_word' id='word_1_191' title='bbox 1120 1292 1294 1339; x_wconf 88' lang='lat' dir='ltr'><em>humum</em></span> <span class='ocrx_word' id='word_1_192' title='bbox 1313 1292 1498 1356; x_wconf 83' lang='lat' dir='ltr'><em>AEgypti</em></span> <span class='ocrx_word' id='word_1_193' title='bbox 1513 1291 1734 1339; x_wconf 85' lang='lat' dir='ltr'><em>Pharaoni</em></span> <span class='ocrx_word' id='word_1_194' title='bbox 1749 1289 1813 1338; x_wconf 90' lang='lat' dir='ltr'><em>ad</em></span> <span class='ocrx_word' id='word_1_195' title='bbox 1826 1294 2017 1354; x_wconf 85' lang='lat' dir='ltr'><em>quintam</em></span> <span class='ocrx_word' id='word_1_196' title='bbox 2036 1311 2050 1347; x_wconf 79' lang='lat'>3</span> <span class='ocrx_word' id='word_1_197' title='bbox 2075 1292 2214 1355; x_wconf 89' lang='lat' dir='ltr'><em>solum</em></span> <span class='ocrx_word' id='word_1_198' title='bbox 2230 1293 2310 1342; x_wconf 87' lang='lat' dir='ltr'><em>hu·</em></span> 
     </span>
     <span class='ocr_line' id='line_1_17' title="bbox 322 1356 2308 1422; baseline 0.001 -15"><span class='ocrx_word' id='word_1_199' title='bbox 322 1376 417 1414; x_wconf 83' lang='lat' dir='ltr'><em>mus</em></span> <span class='ocrx_word' id='word_1_200' title='bbox 429 1357 701 1422; x_wconf 79' lang='lat' dir='ltr'><em>sacerdotum</em></span> <span class='ocrx_word' id='word_1_201' title='bbox 726 1366 893 1404; x_wconf 91' lang='lat' dir='ltr'><em>tantum</em></span> <span class='ocrx_word' id='word_1_202' title='bbox 916 1358 1088 1406; x_wconf 90' lang='lat' dir='ltr'><em>illorum</em></span> <span class='ocrx_word' id='word_1_203' title='bbox 1119 1373 1202 1406; x_wconf 86' lang='lat' dir='ltr'><em>non</em></span> <span class='ocrx_word' id='word_1_204' title='bbox 1219 1358 1311 1420; x_wconf 84' lang='lat' dir='ltr'><em>fuit</em></span> <span class='ocrx_word' id='word_1_205' title='bbox 1333 1358 1571 1406; x_wconf 85' lang='lat' dir='ltr'><em>Pharaoni.</em></span> <span class='ocrx_word' id='word_1_206' title='bbox 1652 1357 1716 1405; x_wconf 89' lang='lat' dir='ltr'><em>Et</em></span> <span class='ocrx_word' id='word_1_207' title='bbox 1748 1356 1877 1422; x_wconf 82' lang='lat' dir='ltr'><em>panis</em></span> <span class='ocrx_word' id='word_1_208' title='bbox 1912 1357 2062 1405; x_wconf 85' lang='lat' dir='ltr'><em>nullus</em></span> <span class='ocrx_word' id='word_1_209' title='bbox 2095 1359 2142 1405; x_wconf 90' lang='lat' dir='ltr'><em>in</em></span> <span class='ocrx_word' id='word_1_210' title='bbox 2178 1359 2308 1410; x_wconf 88' lang='lat' dir='ltr'><em>omni</em></span> 
     </span>
     <span class='ocr_line' id='line_1_18' title="bbox 324 1423 2307 1490; baseline 0 -17"><span class='ocrx_word' id='word_1_211' title='bbox 324 1440 456 1481; x_wconf 88' lang='lat' dir='ltr'><em>terra,</em></span> <span class='ocrx_word' id='word_1_212' title='bbox 491 1425 714 1489; x_wconf 83' lang='lat' dir='ltr'><em>fignificat</em></span> <span class='ocrx_word' id='word_1_213' title='bbox 736 1423 863 1488; x_wconf 89' lang='lat' dir='ltr'><em>quod</em></span> <span class='ocrx_word' id='word_1_214' title='bbox 889 1424 1064 1473; x_wconf 88' lang='lat' dir='ltr'><em>bonum</em></span> <span class='ocrx_word' id='word_1_215' title='bbox 1089 1440 1183 1472; x_wconf 90' lang='lat' dir='ltr'><em>non</em></span> <span class='ocrx_word' id='word_1_216' title='bbox 1200 1425 1411 1490; x_wconf 86' lang='lat' dir='ltr'><em>apparuit</em></span> <span class='ocrx_word' id='word_1_217' title='bbox 1432 1425 1659 1489; x_wconf 85' lang='lat' dir='ltr'><em>amplius:</em></span> <span class='ocrx_word' id='word_1_218' title='bbox 1695 1424 1804 1488; x_wconf 87' lang='lat' dir='ltr'><em>quia</em></span> <span class='ocrx_word' id='word_1_219' title='bbox 1823 1423 1973 1486; x_wconf 82' lang='lat' dir='ltr'><em>gravis</em></span> <span class='ocrx_word' id='word_1_220' title='bbox 2000 1423 2140 1472; x_wconf 89' lang='lat' dir='ltr'><em>fames</em></span> <span class='ocrx_word' id='word_1_221' title='bbox 2155 1426 2307 1484; x_wconf 85' lang='lat' dir='ltr'><em>valde,</em></span> 
     </span>
     <span class='ocr_line' id='line_1_19' title="bbox 324 1488 2311 1556; baseline 0 -15"><span class='ocrx_word' id='word_1_222' title='bbox 324 1491 550 1556; x_wconf 86' lang='lat' dir='ltr'><em>fignificat</em></span> <span class='ocrx_word' id='word_1_223' title='bbox 572 1490 902 1539; x_wconf 69' lang='lat' dir='ltr'><em>desolationem</em></span> <span class='ocrx_word' id='word_1_224' title='bbox 923 1507 934 1537; x_wconf 92' lang='lat'>:</span> <span class='ocrx_word' id='word_1_225' title='bbox 969 1491 1021 1538; x_wconf 88' lang='lat'>&amp;</span> <span class='ocrx_word' id='word_1_226' title='bbox 1041 1491 1274 1542; x_wconf 87' lang='lat' dir='ltr'><em>laborabat</em></span> <span class='ocrx_word' id='word_1_227' title='bbox 1296 1503 1412 1539; x_wconf 85' lang='lat' dir='ltr'><em>terra</em></span> <span class='ocrx_word' id='word_1_228' title='bbox 1435 1488 1638 1554; x_wconf 87' lang='lat' dir='ltr'><em>AEgypti</em></span> <span class='ocrx_word' id='word_1_229' title='bbox 1661 1492 1711 1539; x_wconf 80' lang='grc' dir='ltr'><em>ὅτ</em></span> <span class='ocrx_word' id='word_1_230' title='bbox 1736 1503 1852 1538; x_wconf 85' lang='lat' dir='ltr'><em>terra</em></span> <span class='ocrx_word' id='word_1_231' title='bbox 1877 1490 2074 1548; x_wconf 90' lang='lat' dir='ltr'><em>Canaan,</em></span> <span class='ocrx_word' id='word_1_232' title='bbox 2110 1507 2134 1539; x_wconf 91' lang='lat' dir='ltr'><em>a</em></span> <span class='ocrx_word' id='word_1_233' title='bbox 2156 1507 2311 1541; x_wconf 86' lang='lat' dir='ltr'><em>coram</em></span> 
     </span>
     <span class='ocr_line' id='line_1_20' title="bbox 323 1556 2310 1624; baseline 0 -17"><span class='ocrx_word' id='word_1_234' title='bbox 323 1558 467 1615; x_wconf 82' lang='lat' dir='ltr'><em>fame,</em></span> <span class='ocrx_word' id='word_1_235' title='bbox 503 1556 727 1620; x_wconf 87' lang='lat' dir='ltr'><em>fignificat</em></span> <span class='ocrx_word' id='word_1_236' title='bbox 750 1557 877 1622; x_wconf 91' lang='lat' dir='ltr'><em>quod</em></span> <span class='ocrx_word' id='word_1_237' title='bbox 902 1556 1052 1604; x_wconf 88' lang='lat' dir='ltr'><em>hocin</em></span> <span class='ocrx_word' id='word_1_238' title='bbox 1078 1557 1286 1614; x_wconf 87' lang='lat' dir='ltr'><em>naturali,</em></span> <span class='ocrx_word' id='word_1_239' title='bbox 1321 1557 1370 1604; x_wconf 73' lang='grc' dir='ltr'><em>δε</em></span> <span class='ocrx_word' id='word_1_240' title='bbox 1396 1556 1508 1605; x_wconf 74' lang='lat' dir='ltr'><em>intra</em></span> <span class='ocrx_word' id='word_1_241' title='bbox 1531 1556 1781 1605; x_wconf 77' lang='lat' dir='ltr'><em>Ecclesiam</em></span> <span class='ocrx_word' id='word_1_242' title='bbox 1801 1557 1901 1603; x_wconf 53' lang='lat' dir='ltr'><em>r&amp;</em></span> <span class='ocrx_word' id='word_1_243' title='bbox 1922 1557 2111 1621; x_wconf 87' lang='lat' dir='ltr'><em>collegit</em></span> <span class='ocrx_word' id='word_1_244' title='bbox 2134 1559 2310 1624; x_wconf 88' lang='lat' dir='ltr'><em>Joseph</em></span> 
     </span>
     <span class='ocr_line' id='line_1_21' title="bbox 319 1621 2316 1688; baseline 0 -16"><span class='ocrx_word' id='word_1_245' title='bbox 319 1639 465 1672; x_wconf 82' lang='lat' dir='ltr'><em>omne</em></span> <span class='ocrx_word' id='word_1_246' title='bbox 482 1635 740 1688; x_wconf 86' lang='lat' dir='ltr'><em>argentum,</em></span> <span class='ocrx_word' id='word_1_247' title='bbox 776 1622 1001 1686; x_wconf 85' lang='lat' dir='ltr'><em>fignificat</em></span> <span class='ocrx_word' id='word_1_248' title='bbox 1016 1623 1146 1687; x_wconf 86' lang='lat' dir='ltr'><em>quod</em></span> <span class='ocrx_word' id='word_1_249' title='bbox 1165 1638 1304 1671; x_wconf 90' lang='lat' dir='ltr'><em>omne</em></span> <span class='ocrx_word' id='word_1_250' title='bbox 1321 1621 1619 1671; x_wconf 88' lang='lat' dir='ltr'><em>scientificum</em></span> <span class='ocrx_word' id='word_1_251' title='bbox 1637 1635 1801 1670; x_wconf 82' lang='lat' dir='ltr'><em>verum</em></span> <span class='ocrx_word' id='word_1_252' title='bbox 1826 1622 1876 1671; x_wconf 73' lang='grc' dir='ltr'><em>δε</em></span> <span class='ocrx_word' id='word_1_253' title='bbox 1893 1623 2118 1686; x_wconf 87' lang='lat' dir='ltr'><em>aptabile:</em></span> <span class='ocrx_word' id='word_1_254' title='bbox 2157 1625 2316 1672; x_wconf 88' lang='lat' dir='ltr'><em>inven-</em></span> 
     </span>
     <span class='ocr_line' id='line_1_22' title="bbox 321 1688 2319 1754; baseline 0.001 -15"><span class='ocrx_word' id='word_1_255' title='bbox 321 1692 425 1739; x_wconf 82' lang='lat' dir='ltr'><em>tum</em></span> <span class='ocrx_word' id='word_1_256' title='bbox 450 1690 496 1737; x_wconf 91' lang='lat' dir='ltr'><em>in</em></span> <span class='ocrx_word' id='word_1_257' title='bbox 513 1702 627 1738; x_wconf 86' lang='lat' dir='ltr'><em>terra</em></span> <span class='ocrx_word' id='word_1_258' title='bbox 650 1689 844 1754; x_wconf 87' lang='lat' dir='ltr'><em>AEgypti</em></span> <span class='ocrx_word' id='word_1_259' title='bbox 869 1691 920 1737; x_wconf 75' lang='grc' dir='ltr'><em>δε</em></span> <span class='ocrx_word' id='word_1_260' title='bbox 944 1689 990 1736; x_wconf 87' lang='lat' dir='ltr'><em>in</em></span> <span class='ocrx_word' id='word_1_261' title='bbox 1007 1701 1122 1737; x_wconf 86' lang='lat' dir='ltr'><em>terra</em></span> <span class='ocrx_word' id='word_1_262' title='bbox 1145 1689 1347 1747; x_wconf 89' lang='lat' dir='ltr'><em>Canaan,</em></span> <span class='ocrx_word' id='word_1_263' title='bbox 1402 1688 1625 1751; x_wconf 87' lang='lat' dir='ltr'><em>fignificat</em></span> <span class='ocrx_word' id='word_1_264' title='bbox 1645 1688 1775 1752; x_wconf 87' lang='lat' dir='ltr'><em>quod</em></span> <span class='ocrx_word' id='word_1_265' title='bbox 1798 1688 1844 1736; x_wconf 88' lang='lat' dir='ltr'><em>in</em></span> <span class='ocrx_word' id='word_1_266' title='bbox 1868 1690 2058 1739; x_wconf 83' lang='lat' dir='ltr'><em>naturali</em></span> <span class='ocrx_word' id='word_1_267' title='bbox 2081 1689 2130 1738; x_wconf 88' lang='lat'>&amp;</span> <span class='ocrx_word' id='word_1_268' title='bbox 2155 1689 2199 1737; x_wconf 90' lang='lat' dir='ltr'><em>in</em></span> <span class='ocrx_word' id='word_1_269' title='bbox 2228 1690 2319 1740; x_wconf 90' lang='lat' dir='ltr'><em>Ec-</em></span> 
     </span>
     <span class='ocr_line' id='line_1_23' title="bbox 321 1753 2313 1821; baseline 0.001 -16"><span class='ocrx_word' id='word_1_270' title='bbox 321 1757 487 1806; x_wconf 75' lang='lat' dir='ltr'><em>clena:</em></span> <span class='ocrx_word' id='word_1_271' title='bbox 545 1756 589 1804; x_wconf 90' lang='lat' dir='ltr'><em>in</em></span> <span class='ocrx_word' id='word_1_272' title='bbox 613 1771 809 1813; x_wconf 86' lang='lat' dir='ltr'><em>annona,</em></span> <span class='ocrx_word' id='word_1_273' title='bbox 845 1770 983 1821; x_wconf 88' lang='lat' dir='ltr'><em>quam</em></span> <span class='ocrx_word' id='word_1_274' title='bbox 1008 1755 1077 1803; x_wconf 90' lang='lat' dir='ltr'><em>illi</em></span> <span class='ocrx_word' id='word_1_275' title='bbox 1098 1769 1318 1814; x_wconf 76' lang='lat' dir='ltr'><em>emente8‚</em></span> <span class='ocrx_word' id='word_1_276' title='bbox 1354 1755 1581 1817; x_wconf 81' lang='lat' dir='ltr'><em>fignificat</em></span> <span class='ocrx_word' id='word_1_277' title='bbox 1597 1754 1723 1820; x_wconf 88' lang='lat' dir='ltr'><em>quod</em></span> <span class='ocrx_word' id='word_1_278' title='bbox 1749 1753 1832 1801; x_wconf 92' lang='lat' dir='ltr'><em>illo</em></span> <span class='ocrx_word' id='word_1_279' title='bbox 1853 1753 2227 1804; x_wconf 83' lang='lat' dir='ltr'><em>sustentarentur:</em></span> <span class='ocrx_word' id='word_1_280' title='bbox 2261 1758 2313 1807; x_wconf 72' lang='grc' dir='ltr'><em>ὅτ</em></span> 
     </span>
     <span class='ocr_line' id='line_1_24' title="bbox 326 1820 2315 1888; baseline 0.001 -17"><span class='ocrx_word' id='word_1_281' title='bbox 326 1825 481 1871; x_wconf 85' lang='lat' dir='ltr'><em>venire</em></span> <span class='ocrx_word' id='word_1_282' title='bbox 503 1820 608 1871; x_wconf 83' lang='lat' dir='ltr'><em>fecit</em></span> <span class='ocrx_word' id='word_1_283' title='bbox 630 1822 806 1888; x_wconf 87' lang='lat' dir='ltr'><em>Joseph</em></span> <span class='ocrx_word' id='word_1_284' title='bbox 829 1833 1068 1885; x_wconf 88' lang='lat' dir='ltr'><em>argentum</em></span> <span class='ocrx_word' id='word_1_285' title='bbox 1091 1821 1291 1870; x_wconf 89' lang='lat' dir='ltr'><em>domum</em></span> <span class='ocrx_word' id='word_1_286' title='bbox 1313 1821 1574 1879; x_wconf 85' lang='lat' dir='ltr'><em>Pharaonis,</em></span> <span class='ocrx_word' id='word_1_287' title='bbox 1622 1820 1857 1885; x_wconf 51' lang='lat' dir='ltr'><em>*fignificat</em></span> <span class='ocrx_word' id='word_1_288' title='bbox 1876 1820 2006 1886; x_wconf 92' lang='lat' dir='ltr'><em>quod</em></span> <span class='ocrx_word' id='word_1_289' title='bbox 2039 1821 2153 1870; x_wconf 89' lang='lat' dir='ltr'><em>illud</em></span> <span class='ocrx_word' id='word_1_290' title='bbox 2175 1837 2315 1872; x_wconf 85' lang='lat' dir='ltr'><em>omne</em></span> 
     </span>
     <span class='ocr_line' id='line_1_25' title="bbox 324 1887 2314 1954; baseline 0.001 -16"><span class='ocrx_word' id='word_1_291' title='bbox 324 1889 591 1939; x_wconf 72' lang='lat' dir='ltr'><em>referet-etur</em></span> <span class='ocrx_word' id='word_1_292' title='bbox 606 1888 663 1937; x_wconf 93' lang='lat' dir='ltr'><em>ad</em></span> <span class='ocrx_word' id='word_1_293' title='bbox 682 1903 932 1937; x_wconf 89' lang='lat' dir='ltr'><em>commune</em></span> <span class='ocrx_word' id='word_1_294' title='bbox 949 1888 996 1935; x_wconf 90' lang='lat' dir='ltr'><em>in</em></span> <span class='ocrx_word' id='word_1_295' title='bbox 1014 1888 1199 1936; x_wconf 81' lang='lat' dir='ltr'><em>naturali</em></span> <span class='ocrx_word' id='word_1_296' title='bbox 1219 1905 1231 1936; x_wconf 89' lang='lat'><strong>:</strong></span> <span class='ocrx_word' id='word_1_297' title='bbox 1270 1888 1318 1936; x_wconf 80' lang='grc' dir='ltr'><em>δι</em></span> <span class='ocrx_word' id='word_1_298' title='bbox 1337 1887 1629 1954; x_wconf 77' lang='lat' dir='ltr'><em>consumtum</em></span> <span class='ocrx_word' id='word_1_299' title='bbox 1646 1897 1886 1949; x_wconf 84' lang='lat' dir='ltr'><em>argentum</em></span> <span class='ocrx_word' id='word_1_300' title='bbox 1920 1902 1947 1935; x_wconf 90' lang='lat' dir='ltr'><em>e</em></span> <span class='ocrx_word' id='word_1_301' title='bbox 1974 1898 2090 1936; x_wconf 84' lang='lat' dir='ltr'><em>terra</em></span> <span class='ocrx_word' id='word_1_302' title='bbox 2112 1888 2314 1954; x_wconf 87' lang='lat' dir='ltr'><em>AEgypti</em></span> 
     </span>
     <span class='ocr_line' id='line_1_26' title="bbox 326 1952 2316 2020; baseline -0.001 -15"><span class='ocrx_word' id='word_1_303' title='bbox 326 1958 378 2005; x_wconf 84' lang='lat'>&amp;</span> <span class='ocrx_word' id='word_1_304' title='bbox 396 1974 421 2005; x_wconf 91' lang='lat' dir='ltr'><em>e</em></span> <span class='ocrx_word' id='word_1_305' title='bbox 439 1970 554 2004; x_wconf 83' lang='lat' dir='ltr'><em>terra</em></span> <span class='ocrx_word' id='word_1_306' title='bbox 576 1955 774 2011; x_wconf 86' lang='lat' dir='ltr'><em>Canaan,</em></span> <span class='ocrx_word' id='word_1_307' title='bbox 824 1954 1049 2019; x_wconf 88' lang='lat' dir='ltr'><em>fignificat</em></span> <span class='ocrx_word' id='word_1_308' title='bbox 1080 1954 1209 2018; x_wconf 92' lang='lat' dir='ltr'><em>quod</em></span> <span class='ocrx_word' id='word_1_309' title='bbox 1241 1954 1540 2004; x_wconf 89' lang='lat' dir='ltr'><em>scientificum</em></span> <span class='ocrx_word' id='word_1_310' title='bbox 1572 1969 1736 2003; x_wconf 87' lang='lat' dir='ltr'><em>verum</em></span> <span class='ocrx_word' id='word_1_311' title='bbox 1759 1953 1812 2002; x_wconf 87' lang='lat'>&amp;</span> <span class='ocrx_word' id='word_1_312' title='bbox 1832 1952 2027 2018; x_wconf 86' lang='lat' dir='ltr'><em>aptabile</em></span> <span class='ocrx_word' id='word_1_313' title='bbox 2049 1970 2142 2003; x_wconf 85' lang='lat' dir='ltr'><em>non</em></span> <span class='ocrx_word' id='word_1_314' title='bbox 2165 1957 2316 2020; x_wconf 82' lang='lat' dir='ltr'><em>magis</em></span> 
     </span>
     <span class='ocr_line' id='line_1_27' title="bbox 324 2017 2316 2088; baseline 0 -18"><span class='ocrx_word' id='word_1_315' title='bbox 324 2022 631 2088; x_wconf 86' lang='lat' dir='ltr'><em>conspicuum</em></span> <span class='ocrx_word' id='word_1_316' title='bbox 653 2022 761 2070; x_wconf 85' lang='lat' dir='ltr'><em>effet</em></span> <span class='ocrx_word' id='word_1_317' title='bbox 785 2021 830 2069; x_wconf 89' lang='lat' dir='ltr'><em>in</em></span> <span class='ocrx_word' id='word_1_318' title='bbox 859 2021 1044 2070; x_wconf 88' lang='lat' dir='ltr'><em>naturali</em></span> <span class='ocrx_word' id='word_1_319' title='bbox 1067 2022 1117 2069; x_wconf 72' lang='grc' dir='ltr'><em>δε</em></span> <span class='ocrx_word' id='word_1_320' title='bbox 1142 2021 1257 2070; x_wconf 86' lang='lat' dir='ltr'><em>intra</em></span> <span class='ocrx_word' id='word_1_321' title='bbox 1276 2017 1541 2078; x_wconf 72' lang='lat' dir='ltr'><em>Ecclesiam,</em></span> <span class='ocrx_word' id='word_1_322' title='bbox 1591 2021 1655 2069; x_wconf 95' lang='lat' dir='ltr'><em>ob</em></span> <span class='ocrx_word' id='word_1_323' title='bbox 1675 2019 2038 2069; x_wconf 86' lang='lat' dir='ltr'><em>desolationem:</em></span> <span class='ocrx_word' id='word_1_324' title='bbox 2088 2021 2147 2070; x_wconf 78' lang='grc' dir='ltr'><em>δε·</em></span> <span class='ocrx_word' id='word_1_325' title='bbox 2174 2037 2316 2072; x_wconf 84' lang='lat' dir='ltr'><em>vene-</em></span> 
     </span>
     <span class='ocr_line' id='line_1_28' title="bbox 327 2086 2313 2154; baseline 0.001 -17"><span class='ocrx_word' id='word_1_326' title='bbox 327 2102 436 2137; x_wconf 84' lang='lat' dir='ltr'><em>runt</em></span> <span class='ocrx_word' id='word_1_327' title='bbox 469 2089 620 2137; x_wconf 89' lang='lat' dir='ltr'><em>omnis</em></span> <span class='ocrx_word' id='word_1_328' title='bbox 643 2088 880 2152; x_wconf 88' lang='lat' dir='ltr'><em>AEgyptus</em></span> <span class='ocrx_word' id='word_1_329' title='bbox 900 2088 958 2136; x_wconf 89' lang='lat' dir='ltr'><em>ad</em></span> <span class='ocrx_word' id='word_1_330' title='bbox 982 2086 1257 2152; x_wconf 90' lang='lat' dir='ltr'><em>Josephum,</em></span> <span class='ocrx_word' id='word_1_331' title='bbox 1311 2088 1533 2153; x_wconf 85' lang='lat' dir='ltr'><em>fignificat</em></span> <span class='ocrx_word' id='word_1_332' title='bbox 1564 2086 1922 2154; x_wconf 83' lang='lat' dir='ltr'><em>applicationem</em></span> <span class='ocrx_word' id='word_1_333' title='bbox 1960 2086 2018 2135; x_wconf 90' lang='lat' dir='ltr'><em>ad</em></span> <span class='ocrx_word' id='word_1_334' title='bbox 2041 2087 2278 2138; x_wconf 83' lang='lat' dir='ltr'><em>Internum</em></span> <span class='ocrx_word' id='word_1_335' title='bbox 2300 2107 2313 2138; x_wconf 74' lang='grc' dir='ltr'><strong>ε</strong></span> 
     </span>
     <span class='ocr_line' id='line_1_29' title="bbox 326 2152 2314 2220; baseline 0.002 -17"><span class='ocrx_word' id='word_1_336' title='bbox 326 2155 547 2212; x_wconf 85' lang='lat' dir='ltr'><em>dicend0‚</em></span> <span class='ocrx_word' id='word_1_337' title='bbox 591 2154 652 2203; x_wconf 84' lang='lat' dir='ltr'><em>da</em></span> <span class='ocrx_word' id='word_1_338' title='bbox 690 2155 823 2202; x_wconf 91' lang='lat' dir='ltr'><em>nobis</em></span> <span class='ocrx_word' id='word_1_339' title='bbox 860 2169 1048 2218; x_wconf 88' lang='lat' dir='ltr'><em>panem,</em></span> <span class='ocrx_word' id='word_1_340' title='bbox 1098 2154 1321 2218; x_wconf 85' lang='lat' dir='ltr'><em>fignificat</em></span> <span class='ocrx_word' id='word_1_341' title='bbox 1355 2154 1735 2220; x_wconf 88' lang='lat' dir='ltr'><em>supplicationem</em></span> <span class='ocrx_word' id='word_1_342' title='bbox 1758 2152 1818 2201; x_wconf 92' lang='lat' dir='ltr'><em>de</em></span> <span class='ocrx_word' id='word_1_343' title='bbox 1840 2152 2162 2202; x_wconf 87' lang='lat' dir='ltr'><em>sustentatione</em></span> <span class='ocrx_word' id='word_1_344' title='bbox 2200 2156 2314 2206; x_wconf 83' lang='lat' dir='ltr'><em>vitae</em></span> 
     </span>
     <span class='ocr_line' id='line_1_30' title="bbox 329 2219 2314 2287; baseline 0.001 -17"><span class='ocrx_word' id='word_1_345' title='bbox 329 2221 601 2286; x_wconf 85' lang='lat' dir='ltr'><em>spiritualis:</em></span> <span class='ocrx_word' id='word_1_346' title='bbox 639 2221 689 2269; x_wconf 75' lang='grc' dir='ltr'><em>ὅτ</em></span> <span class='ocrx_word' id='word_1_347' title='bbox 711 2236 792 2269; x_wconf 90' lang='lat' dir='ltr'><em>cur</em></span> <span class='ocrx_word' id='word_1_348' title='bbox 815 2219 1068 2269; x_wconf 86' lang='lat' dir='ltr'><em>moriemur</em></span> <span class='ocrx_word' id='word_1_349' title='bbox 1093 2219 1226 2285; x_wconf 88' lang='lat' dir='ltr'><em>juxta</em></span> <span class='ocrx_word' id='word_1_350' title='bbox 1251 2233 1294 2270; x_wconf 89' lang='lat' dir='ltr'><em>te</em></span> <span class='ocrx_word' id='word_1_351' title='bbox 1316 2221 1421 2286; x_wconf 87' lang='lat' dir='ltr'><em>quia</em></span> <span class='ocrx_word' id='word_1_352' title='bbox 1450 2220 1608 2269; x_wconf 87' lang='lat' dir='ltr'><em>deficit</em></span> <span class='ocrx_word' id='word_1_353' title='bbox 1646 2232 1902 2284; x_wconf 83' lang='lat' dir='ltr'><em>argentum,</em></span> <span class='ocrx_word' id='word_1_354' title='bbox 1937 2219 2159 2283; x_wconf 83' lang='lat' dir='ltr'><em>fignificat</em></span> <span class='ocrx_word' id='word_1_355' title='bbox 2181 2224 2314 2287; x_wconf 88' lang='lat' dir='ltr'><em>quod</em></span> 
     </span>
     <span class='ocr_line' id='line_1_31' title="bbox 325 2285 2313 2352; baseline 0.001 -16"><span class='ocrx_word' id='word_1_356' title='bbox 325 2288 535 2352; x_wconf 83' lang='lat' dir='ltr'><em>alioquin</em></span> <span class='ocrx_word' id='word_1_357' title='bbox 556 2288 619 2346; x_wconf 90' lang='lat' dir='ltr'><em>ob</em></span> <span class='ocrx_word' id='word_1_358' title='bbox 640 2286 874 2335; x_wconf 70' lang='lat' dir='ltr'><em>defectum</em></span> <span class='ocrx_word' id='word_1_359' title='bbox 897 2286 992 2336; x_wconf 86' lang='lat' dir='ltr'><em>veri</em></span> <span class='ocrx_word' id='word_1_360' title='bbox 1017 2301 1138 2334; x_wconf 88' lang='lat' dir='ltr'><em>mors</em></span> <span class='ocrx_word' id='word_1_361' title='bbox 1162 2286 1430 2352; x_wconf 86' lang='lat' dir='ltr'><em>spiritualis:</em></span> <span class='ocrx_word' id='word_1_362' title='bbox 1465 2287 1517 2336; x_wconf 73' lang='grc' dir='ltr'><em>δι</em></span> <span class='ocrx_word' id='word_1_363' title='bbox 1550 2286 1667 2336; x_wconf 85' lang='lat' dir='ltr'><em>dixit</em></span> <span class='ocrx_word' id='word_1_364' title='bbox 1687 2285 1878 2350; x_wconf 90' lang='lat' dir='ltr'><em>Joseph,</em></span> <span class='ocrx_word' id='word_1_365' title='bbox 1914 2285 2134 2350; x_wconf 83' lang='lat' dir='ltr'><em>fignificat</em></span> <span class='ocrx_word' id='word_1_366' title='bbox 2165 2287 2313 2338; x_wconf 86' lang='lat' dir='ltr'><em>Inter-</em></span> 
     </span>
     <span class='ocr_line' id='line_1_32' title="bbox 332 2351 2316 2419; baseline 0.001 -17"><span class='ocrx_word' id='word_1_367' title='bbox 332 2371 446 2402; x_wconf 85' lang='lat' dir='ltr'><em>num</em></span> <span class='ocrx_word' id='word_1_368' title='bbox 470 2371 496 2402; x_wconf 90' lang='lat' dir='ltr'><em>a</em></span> <span class='ocrx_word' id='word_1_369' title='bbox 518 2368 618 2418; x_wconf 91' lang='lat' dir='ltr'><em>quo</em></span> <span class='ocrx_word' id='word_1_370' title='bbox 651 2353 943 2419; x_wconf 84' lang='lat' dir='ltr'><em>responsum:</em></span> <span class='ocrx_word' id='word_1_371' title='bbox 979 2351 1082 2401; x_wconf 89' lang='lat' dir='ltr'><em>date</em></span> <span class='ocrx_word' id='word_1_372' title='bbox 1105 2367 1269 2417; x_wconf 83' lang='lat' dir='ltr'><em>pecora</em></span> <span class='ocrx_word' id='word_1_373' title='bbox 1289 2353 1449 2409; x_wconf 85' lang='lat' dir='ltr'><em>vestra,</em></span> <span class='ocrx_word' id='word_1_374' title='bbox 1483 2355 1535 2402; x_wconf 75' lang='grc' dir='ltr'><em>δε</em></span> <span class='ocrx_word' id='word_1_375' title='bbox 1557 2353 1678 2401; x_wconf 86' lang='lat' dir='ltr'><em>dabo</em></span> <span class='ocrx_word' id='word_1_376' title='bbox 1707 2353 1838 2401; x_wconf 83' lang='lat' dir='ltr'><em>vobis</em></span> <span class='ocrx_word' id='word_1_377' title='bbox 1860 2368 1947 2418; x_wconf 85' lang='lat' dir='ltr'><em>pro</em></span> <span class='ocrx_word' id='word_1_378' title='bbox 1970 2353 2212 2418; x_wconf 68' lang='lat' dir='ltr'><em>pecoribus</em></span> <span class='ocrx_word' id='word_1_379' title='bbox 2233 2371 2316 2404; x_wconf 85' lang='lat' dir='ltr'><em>ve·</em></span> 
     </span>
     <span class='ocr_line' id='line_1_33' title="bbox 332 2416 2315 2487; baseline 0.002 -19"><span class='ocrx_word' id='word_1_380' title='bbox 332 2421 447 2477; x_wconf 74' lang='lat' dir='ltr'><em>striS,</em></span> <span class='ocrx_word' id='word_1_381' title='bbox 484 2420 704 2485; x_wconf 87' lang='lat' dir='ltr'><em>fignificat</em></span> <span class='ocrx_word' id='word_1_382' title='bbox 724 2419 852 2483; x_wconf 91' lang='lat' dir='ltr'><em>quod</em></span> <span class='ocrx_word' id='word_1_383' title='bbox 876 2416 1092 2467; x_wconf 87' lang='lat' dir='ltr'><em>offerrent</em></span> <span class='ocrx_word' id='word_1_384' title='bbox 1119 2419 1240 2468; x_wconf 89' lang='lat' dir='ltr'><em>bona</em></span> <span class='ocrx_word' id='word_1_385' title='bbox 1260 2420 1374 2478; x_wconf 84' lang='lat' dir='ltr'><em>veri,</em></span> <span class='ocrx_word' id='word_1_386' title='bbox 1417 2421 1468 2469; x_wconf 76' lang='grc' dir='ltr'><em>δε</em></span> <span class='ocrx_word' id='word_1_387' title='bbox 1501 2418 1879 2467; x_wconf 86' lang='lat' dir='ltr'><em>sustentarentur:</em></span> <span class='ocrx_word' id='word_1_388' title='bbox 1915 2419 1948 2468; x_wconf 86' lang='lat' dir='ltr'>fi</span> <span class='ocrx_word' id='word_1_389' title='bbox 1970 2418 2137 2469; x_wconf 85' lang='lat' dir='ltr'><em>defecit</em></span> <span class='ocrx_word' id='word_1_390' title='bbox 2157 2437 2315 2487; x_wconf 87' lang='lat' dir='ltr'><em>argen-</em></span> 
     </span>
     <span class='ocr_line' id='line_1_34' title="bbox 331 2485 2314 2551; baseline 0.001 -16"><span class='ocrx_word' id='word_1_391' title='bbox 331 2500 452 2544; x_wconf 85' lang='lat' dir='ltr'><em>tum,</em></span> <span class='ocrx_word' id='word_1_392' title='bbox 490 2486 714 2551; x_wconf 81' lang='lat' dir='ltr'><em>fignificat</em></span> <span class='ocrx_word' id='word_1_393' title='bbox 736 2485 766 2532; x_wconf 84' lang='lat' dir='ltr'>fi</span> <span class='ocrx_word' id='word_1_394' title='bbox 791 2500 885 2532; x_wconf 91' lang='lat' dir='ltr'><em>non</em></span> <span class='ocrx_word' id='word_1_395' title='bbox 923 2485 1123 2551; x_wconf 89' lang='lat' dir='ltr'><em>amplius</em></span> <span class='ocrx_word' id='word_1_396' title='bbox 1165 2485 1251 2534; x_wconf 89' lang='lat' dir='ltr'><em>illis</em></span> <span class='ocrx_word' id='word_1_397' title='bbox 1283 2502 1442 2534; x_wconf 85' lang='lat' dir='ltr'><em>verum</em></span> <span class='ocrx_word' id='word_1_398' title='bbox 1484 2486 1817 2550; x_wconf 84' lang='lat' dir='ltr'><em>conspicuum:</em></span> <span class='ocrx_word' id='word_1_399' title='bbox 1853 2486 1904 2534; x_wconf 89' lang='lat'>&amp;</span> <span class='ocrx_word' id='word_1_400' title='bbox 1924 2486 2080 2534; x_wconf 83' lang='lat' dir='ltr'><em>venire</em></span> <span class='ocrx_word' id='word_1_401' title='bbox 2111 2485 2314 2537; x_wconf 86' lang='lat' dir='ltr'><em>fecerunt</em></span> 
     </span>
     <span class='ocr_line' id='line_1_35' title="bbox 335 2551 2313 2617; baseline 0.001 -16"><span class='ocrx_word' id='word_1_402' title='bbox 335 2570 501 2617; x_wconf 80' lang='lat' dir='ltr'><em>pecora</em></span> <span class='ocrx_word' id='word_1_403' title='bbox 523 2553 596 2599; x_wconf 86' lang='lat' dir='ltr'><em>sua</em></span> <span class='ocrx_word' id='word_1_404' title='bbox 618 2553 677 2600; x_wconf 90' lang='lat' dir='ltr'><em>ad</em></span> <span class='ocrx_word' id='word_1_405' title='bbox 701 2551 978 2616; x_wconf 82' lang='lat' dir='ltr'><em>Josephum,</em></span> <span class='ocrx_word' id='word_1_406' title='bbox 999 2551 1232 2616; x_wconf 69' lang='lat' dir='ltr'><em>‘fignificat</em></span> <span class='ocrx_word' id='word_1_407' title='bbox 1256 2553 1378 2602; x_wconf 88' lang='lat' dir='ltr'><em>bona</em></span> <span class='ocrx_word' id='word_1_408' title='bbox 1401 2552 1495 2600; x_wconf 78' lang='lat' dir='ltr'><em>veri</em></span> <span class='ocrx_word' id='word_1_409' title='bbox 1518 2551 1646 2617; x_wconf 90' lang='lat' dir='ltr'><em>quod</em></span> <span class='ocrx_word' id='word_1_410' title='bbox 1668 2551 1939 2600; x_wconf 86' lang='lat' dir='ltr'><em>offerrentur</em></span> <span class='ocrx_word' id='word_1_411' title='bbox 1957 2569 1974 2600; x_wconf 67' lang='lat' dir='ltr'><em>z</em></span> <span class='ocrx_word' id='word_1_412' title='bbox 2004 2553 2057 2601; x_wconf 76' lang='grc' dir='ltr'><em>δι’</em></span> <span class='ocrx_word' id='word_1_413' title='bbox 2075 2551 2203 2602; x_wconf 87' lang='lat' dir='ltr'><em>dedit</em></span> <span class='ocrx_word' id='word_1_414' title='bbox 2225 2554 2313 2603; x_wconf 88' lang='lat' dir='ltr'><em>illis</em></span> 
     </span>
     <span class='ocr_line' id='line_1_36' title="bbox 338 2617 2315 2684; baseline 0.002 -18"><span class='ocrx_word' id='word_1_415' title='bbox 338 2619 514 2684; x_wconf 76' lang='lat' dir='ltr'><em>joseph</em></span> <span class='ocrx_word' id='word_1_416' title='bbox 534 2634 716 2682; x_wconf 88' lang='lat' dir='ltr'><em>panem,</em></span> <span class='ocrx_word' id='word_1_417' title='bbox 755 2617 973 2679; x_wconf 83' lang='lat' dir='ltr'><em>fignificat</em></span> <span class='ocrx_word' id='word_1_418' title='bbox 991 2618 1360 2667; x_wconf 87' lang='lat' dir='ltr'><em>sustentationem</em></span> <span class='ocrx_word' id='word_1_419' title='bbox 1385 2618 1537 2684; x_wconf 91' lang='lat' dir='ltr'><em>quoad</em></span> <span class='ocrx_word' id='word_1_420' title='bbox 1557 2617 2030 2682; x_wconf 85' lang='lat' dir='ltr'><em>vitamspiritualem:</em></span> <span class='ocrx_word' id='word_1_421' title='bbox 2066 2633 2153 2684; x_wconf 87' lang='lat' dir='ltr'><em>pro</em></span> <span class='ocrx_word' id='word_1_422' title='bbox 2169 2621 2315 2684; x_wconf 75' lang='lat' dir='ltr'><em>equis,</em></span> 
     </span>
     <span class='ocr_line' id='line_1_37' title="bbox 340 2684 2316 2751; baseline 0 -17"><span class='ocrx_word' id='word_1_423' title='bbox 340 2686 564 2747; x_wconf 82' lang='lat' dir='ltr'><em>fignificat</em></span> <span class='ocrx_word' id='word_1_424' title='bbox 601 2684 843 2732; x_wconf 85' lang='lat' dir='ltr'><em>scientifica</em></span> <span class='ocrx_word' id='word_1_425' title='bbox 864 2700 922 2731; x_wconf 87' lang='lat' dir='ltr'><em>ex</em></span> <span class='ocrx_word' id='word_1_426' title='bbox 947 2684 1239 2746; x_wconf 64' lang='lat' dir='ltr'><em>intellectuali</em></span> <span class='ocrx_word' id='word_1_427' title='bbox 1261 2703 1271 2732; x_wconf 88' lang='lat'>:</span> <span class='ocrx_word' id='word_1_428' title='bbox 1308 2687 1357 2734; x_wconf 86' lang='lat'>&amp;</span> <span class='ocrx_word' id='word_1_429' title='bbox 1382 2701 1466 2749; x_wconf 90' lang='lat' dir='ltr'><em>pro</em></span> <span class='ocrx_word' id='word_1_430' title='bbox 1488 2699 1653 2750; x_wconf 90' lang='lat' dir='ltr'><em>pecore</em></span> <span class='ocrx_word' id='word_1_431' title='bbox 1691 2686 1843 2748; x_wconf 87' lang='lat' dir='ltr'><em>gregis</em></span> <span class='ocrx_word' id='word_1_432' title='bbox 1874 2686 1925 2734; x_wconf 85' lang='lat'>&amp;</span> <span class='ocrx_word' id='word_1_433' title='bbox 1956 2700 2043 2749; x_wconf 83' lang='lat' dir='ltr'><em>pro</em></span> <span class='ocrx_word' id='word_1_434' title='bbox 2063 2698 2224 2751; x_wconf 83' lang='lat' dir='ltr'><em>pecore</em></span> <span class='ocrx_word' id='word_1_435' title='bbox 2246 2702 2316 2734; x_wconf 86' lang='lat' dir='ltr'><em>ar-</em></span> 
     </span>
     <span class='ocr_line' id='line_1_38' title="bbox 339 2749 2318 2815; baseline 0.002 -16"><span class='ocrx_word' id='word_1_436' title='bbox 339 2753 502 2809; x_wconf 88' lang='lat' dir='ltr'><em>menti,</em></span> <span class='ocrx_word' id='word_1_437' title='bbox 554 2751 776 2814; x_wconf 83' lang='lat' dir='ltr'><em>fignificat</em></span> <span class='ocrx_word' id='word_1_438' title='bbox 816 2750 935 2797; x_wconf 90' lang='lat' dir='ltr'><em>bona</em></span> <span class='ocrx_word' id='word_1_439' title='bbox 975 2751 1182 2799; x_wconf 88' lang='lat' dir='ltr'><em>interiora</em></span> <span class='ocrx_word' id='word_1_440' title='bbox 1217 2753 1268 2799; x_wconf 85' lang='lat'>&amp;</span> <span class='ocrx_word' id='word_1_441' title='bbox 1303 2751 1527 2800; x_wconf 83' lang='lat' dir='ltr'><em>exteriora</em></span> <span class='ocrx_word' id='word_1_442' title='bbox 1560 2750 1687 2799; x_wconf 87' lang='lat' dir='ltr'><em>veri:</em></span> <span class='ocrx_word' id='word_1_443' title='bbox 1722 2752 1772 2800; x_wconf 77' lang='grc' dir='ltr'><em>ὅτ</em></span> <span class='ocrx_word' id='word_1_444' title='bbox 1797 2766 1882 2815; x_wconf 85' lang='lat' dir='ltr'><em>pro</em></span> <span class='ocrx_word' id='word_1_445' title='bbox 1903 2751 2048 2809; x_wconf 88' lang='lat' dir='ltr'><em>afinis,</em></span> <span class='ocrx_word' id='word_1_446' title='bbox 2098 2749 2318 2813; x_wconf 81' lang='lat' dir='ltr'><em>fignificat</em></span> 
     </span>
     <span class='ocr_line' id='line_1_39' title="bbox 340 2814 2319 2882; baseline 0.002 -18"><span class='ocrx_word' id='word_1_447' title='bbox 340 2819 515 2865; x_wconf 77' lang='lat' dir='ltr'><em>servitia</em></span> <span class='ocrx_word' id='word_1_448' title='bbox 536 2835 547 2865; x_wconf 74' lang='grc' dir='ltr'>ε</span> <span class='ocrx_word' id='word_1_449' title='bbox 585 2819 635 2865; x_wconf 89' lang='lat'>&amp;</span> <span class='ocrx_word' id='word_1_450' title='bbox 659 2815 866 2881; x_wconf 80' lang='lat' dir='ltr'><em>providit</em></span> <span class='ocrx_word' id='word_1_451' title='bbox 889 2815 989 2864; x_wconf 90' lang='lat' dir='ltr'><em>illos</em></span> <span class='ocrx_word' id='word_1_452' title='bbox 1013 2832 1128 2880; x_wconf 87' lang='lat' dir='ltr'><em>pane</em></span> <span class='ocrx_word' id='word_1_453' title='bbox 1154 2833 1237 2880; x_wconf 87' lang='lat' dir='ltr'><em>pro</em></span> <span class='ocrx_word' id='word_1_454' title='bbox 1259 2817 1389 2865; x_wconf 87' lang='lat' dir='ltr'><em>omni</em></span> <span class='ocrx_word' id='word_1_455' title='bbox 1407 2834 1568 2882; x_wconf 89' lang='lat' dir='ltr'><em>pecore</em></span> <span class='ocrx_word' id='word_1_456' title='bbox 1590 2833 1769 2874; x_wconf 86' lang='lat' dir='ltr'><em>eorum,</em></span> <span class='ocrx_word' id='word_1_457' title='bbox 1803 2817 2026 2880; x_wconf 84' lang='lat' dir='ltr'><em>fignificat</em></span> <span class='ocrx_word' id='word_1_458' title='bbox 2041 2814 2319 2868; x_wconf 83' lang='lat' dir='ltr'><em>sustentatio-</em></span> 
     </span>
     <span class='ocr_line' id='line_1_40' title="bbox 342 2879 2318 2950; baseline 0.001 -20"><span class='ocrx_word' id='word_1_459' title='bbox 342 2899 449 2930; x_wconf 81' lang='lat' dir='ltr'><em>nem</em></span> <span class='ocrx_word' id='word_1_460' title='bbox 476 2900 554 2947; x_wconf 87' lang='lat' dir='ltr'><em>per</em></span> <span class='ocrx_word' id='word_1_461' title='bbox 577 2884 806 2931; x_wconf 85' lang='lat' dir='ltr'><em>influxum</em></span> <span class='ocrx_word' id='word_1_462' title='bbox 830 2882 938 2930; x_wconf 89' lang='lat' dir='ltr'><em>boni</em></span> <span class='ocrx_word' id='word_1_463' title='bbox 978 2884 1036 2930; x_wconf 88' lang='lat' dir='ltr'><em>ab</em></span> <span class='ocrx_word' id='word_1_464' title='bbox 1070 2883 1253 2931; x_wconf 85' lang='lat' dir='ltr'><em>Interno</em></span> <span class='ocrx_word' id='word_1_465' title='bbox 1277 2901 1286 2930; x_wconf 92' lang='lat'>:</span> <span class='ocrx_word' id='word_1_466' title='bbox 1323 2884 1366 2931; x_wconf 92' lang='lat' dir='ltr'><em>in</em></span> <span class='ocrx_word' id='word_1_467' title='bbox 1392 2900 1513 2932; x_wconf 88' lang='lat' dir='ltr'><em>anno</em></span> <span class='ocrx_word' id='word_1_468' title='bbox 1537 2884 1641 2942; x_wconf 88' lang='lat' dir='ltr'><em>hoc,</em></span> <span class='ocrx_word' id='word_1_469' title='bbox 1682 2884 1906 2947; x_wconf 85' lang='lat' dir='ltr'><em>fignificat</em></span> <span class='ocrx_word' id='word_1_470' title='bbox 1928 2882 2045 2931; x_wconf 83' lang='lat' dir='ltr'><em>illius</em></span> <span class='ocrx_word' id='word_1_471' title='bbox 2067 2879 2204 2932; x_wconf 86' lang='lat' dir='ltr'><em>status</em></span> <span class='ocrx_word' id='word_1_472' title='bbox 2237 2901 2318 2950; x_wconf 87' lang='lat' dir='ltr'><em>pe-</em></span> 
     </span>
     <span class='ocr_line' id='line_1_41' title="bbox 341 2946 2322 3014; baseline 0.003 -18"><span class='ocrx_word' id='word_1_473' title='bbox 341 2951 523 2998; x_wconf 83' lang='lat' dir='ltr'><em>riodum</em></span> <span class='ocrx_word' id='word_1_474' title='bbox 546 2967 555 2996; x_wconf 91' lang='lat'>:</span> <span class='ocrx_word' id='word_1_475' title='bbox 593 2951 642 2997; x_wconf 72' lang='grc' dir='ltr'><em>ὅτ</em></span> <span class='ocrx_word' id='word_1_476' title='bbox 668 2951 820 2997; x_wconf 84' lang='lat' dir='ltr'><em>finitus</em></span> <span class='ocrx_word' id='word_1_477' title='bbox 854 2963 996 2995; x_wconf 87' lang='lat' dir='ltr'><em>annus</em></span> <span class='ocrx_word' id='word_1_478' title='bbox 1022 2949 1110 3007; x_wconf 85' lang='lat' dir='ltr'><em>hic,</em></span> <span class='ocrx_word' id='word_1_479' title='bbox 1145 2950 1370 3011; x_wconf 83' lang='lat' dir='ltr'><em>fignificat</em></span> <span class='ocrx_word' id='word_1_480' title='bbox 1392 2950 1714 2999; x_wconf 85' lang='lat' dir='ltr'><em>desolationem</em></span> <span class='ocrx_word' id='word_1_481' title='bbox 1735 2949 1840 3013; x_wconf 86' lang='lat' dir='ltr'><em>post</em></span> <span class='ocrx_word' id='word_1_482' title='bbox 1863 2946 1988 3012; x_wconf 86' lang='lat' dir='ltr'><em>hujus</em></span> <span class='ocrx_word' id='word_1_483' title='bbox 2011 2947 2149 2998; x_wconf 84' lang='lat' dir='ltr'><em>status</em></span> <span class='ocrx_word' id='word_1_484' title='bbox 2172 2954 2322 3014; x_wconf 85' lang='lat' dir='ltr'><em>perio-</em></span> 
     </span>
     <span class='ocr_line' id='line_1_42' title="bbox 339 3013 2320 3080; baseline 0.003 -17"><span class='ocrx_word' id='word_1_485' title='bbox 339 3017 490 3063; x_wconf 82' lang='lat' dir='ltr'><em>dum:</em></span> <span class='ocrx_word' id='word_1_486' title='bbox 528 3017 576 3062; x_wconf 88' lang='lat'>&amp;</span> <span class='ocrx_word' id='word_1_487' title='bbox 614 3026 834 3063; x_wconf 78' lang='lat' dir='ltr'><em>venerunt</em></span> <span class='ocrx_word' id='word_1_488' title='bbox 865 3015 919 3061; x_wconf 89' lang='lat' dir='ltr'><em>ad</em></span> <span class='ocrx_word' id='word_1_489' title='bbox 953 3015 1083 3063; x_wconf 83' lang='lat' dir='ltr'><em>illum</em></span> <span class='ocrx_word' id='word_1_490' title='bbox 1117 3018 1163 3063; x_wconf 86' lang='lat' dir='ltr'><em>in</em></span> <span class='ocrx_word' id='word_1_491' title='bbox 1190 3032 1311 3063; x_wconf 87' lang='lat' dir='ltr'><em>anno</em></span> <span class='ocrx_word' id='word_1_492' title='bbox 1345 3016 1500 3073; x_wconf 81' lang='lat' dir='ltr'><em>altere,</em></span> <span class='ocrx_word' id='word_1_493' title='bbox 1538 3017 1762 3080; x_wconf 82' lang='lat' dir='ltr'><em>fignificat</em></span> <span class='ocrx_word' id='word_1_494' title='bbox 1783 3013 2061 3079; x_wconf 84' lang='lat' dir='ltr'><em>principium</em></span> <span class='ocrx_word' id='word_1_495' title='bbox 2096 3014 2234 3067; x_wconf 85' lang='lat' dir='ltr'><em>status</em></span> <span class='ocrx_word' id='word_1_496' title='bbox 2257 3018 2320 3068; x_wconf 88' lang='lat' dir='ltr'><em>se-</em></span> 
     </span>
     <span class='ocr_line' id='line_1_43' title="bbox 338 3079 2317 3147; baseline 0.004 -20"><span class='ocrx_word' id='word_1_497' title='bbox 338 3081 519 3146; x_wconf 81' lang='lat' dir='ltr'><em>quentis</em></span> <span class='ocrx_word' id='word_1_498' title='bbox 539 3097 549 3126; x_wconf 92' lang='lat'>:</span> <span class='ocrx_word' id='word_1_499' title='bbox 586 3084 634 3129; x_wconf 73' lang='grc' dir='ltr'><em>δε</em></span> <span class='ocrx_word' id='word_1_500' title='bbox 671 3081 883 3130; x_wconf 74' lang='lat' dir='ltr'><em>dixerunt</em></span> <span class='ocrx_word' id='word_1_501' title='bbox 921 3079 980 3135; x_wconf 87' lang='lat' dir='ltr'><em>ei,</em></span> <span class='ocrx_word' id='word_1_502' title='bbox 1017 3098 1106 3128; x_wconf 88' lang='lat' dir='ltr'><em>non</em></span> <span class='ocrx_word' id='word_1_503' title='bbox 1136 3082 1381 3129; x_wconf 86' lang='lat' dir='ltr'><em>celabimus</em></span> <span class='ocrx_word' id='word_1_504' title='bbox 1411 3100 1436 3130; x_wconf 91' lang='lat' dir='ltr'><em>a</em></span> <span class='ocrx_word' id='word_1_505' title='bbox 1462 3084 1693 3139; x_wconf 86' lang='lat' dir='ltr'><em>Domin0‚</em></span> <span class='ocrx_word' id='word_1_506' title='bbox 1729 3079 1950 3142; x_wconf 84' lang='lat' dir='ltr'><em>fignificat</em></span> <span class='ocrx_word' id='word_1_507' title='bbox 1973 3081 2317 3147; x_wconf 84' lang='lat' dir='ltr'><em>perceptionem</em></span> 
     </span>
     <span class='ocr_line' id='line_1_44' title="bbox 339 3145 2316 3212; baseline 0.004 -18"><span class='ocrx_word' id='word_1_508' title='bbox 339 3147 467 3212; x_wconf 87' lang='lat' dir='ltr'><em>quod</em></span> <span class='ocrx_word' id='word_1_509' title='bbox 493 3162 651 3194; x_wconf 78' lang='lat' dir='ltr'><em>notum</em></span> <span class='ocrx_word' id='word_1_510' title='bbox 692 3149 742 3195; x_wconf 81' lang='lat' dir='ltr'><em>fit</em></span> <span class='ocrx_word' id='word_1_511' title='bbox 776 3149 990 3196; x_wconf 79' lang='lat' dir='ltr'><em>Internoz</em></span> <span class='ocrx_word' id='word_1_512' title='bbox 1028 3145 1248 3209; x_wconf 79' lang='lat' dir='ltr'><em>siquidem</em></span> <span class='ocrx_word' id='word_1_513' title='bbox 1282 3148 1573 3196; x_wconf 88' lang='lat' dir='ltr'><em>consumtum</em></span> <span class='ocrx_word' id='word_1_514' title='bbox 1610 3158 1869 3211; x_wconf 87' lang='lat' dir='ltr'><em>argentum,</em></span> <span class='ocrx_word' id='word_1_515' title='bbox 1910 3146 2130 3211; x_wconf 83' lang='lat' dir='ltr'><em>fignificat</em></span> <span class='ocrx_word' id='word_1_516' title='bbox 2149 3165 2316 3201; x_wconf 86' lang='lat' dir='ltr'><em>verum</em></span> 
     </span>
     <span class='ocr_line' id='line_1_45' title="bbox 337 3212 2313 3279; baseline 0.002 -18"><span class='ocrx_word' id='word_1_517' title='bbox 337 3227 432 3262; x_wconf 86' lang='lat' dir='ltr'><em>non</em></span> <span class='ocrx_word' id='word_1_518' title='bbox 453 3213 744 3277; x_wconf 78' lang='lat' dir='ltr'><em>conspicuum</em></span> <span class='ocrx_word' id='word_1_519' title='bbox 773 3225 959 3278; x_wconf 85' lang='lat' dir='ltr'><em>propter</em></span> <span class='ocrx_word' id='word_1_520' title='bbox 979 3212 1336 3262; x_wconf 83' lang='lat' dir='ltr'><em>desolationem:</em></span> <span class='ocrx_word' id='word_1_521' title='bbox 1387 3216 1437 3267; x_wconf 69' lang='lat' dir='ltr'><em>&amp;c</em></span> <span class='ocrx_word' id='word_1_522' title='bbox 1461 3228 1597 3279; x_wconf 79' lang='lat' dir='ltr'><em>pecus</em></span> <span class='ocrx_word' id='word_1_523' title='bbox 1617 3212 1771 3263; x_wconf 84' lang='lat' dir='ltr'><em>bestiae</em></span> <span class='ocrx_word' id='word_1_524' title='bbox 1793 3212 1850 3264; x_wconf 86' lang='lat' dir='ltr'><em>ad</em></span> <span class='ocrx_word' id='word_1_525' title='bbox 1874 3212 2139 3274; x_wconf 85' lang='lat' dir='ltr'><em>dominum,</em></span> <span class='ocrx_word' id='word_1_526' title='bbox 2173 3214 2313 3278; x_wconf 82' lang='lat' dir='ltr'><em>figni-</em></span> 
     </span>
    </p>
   </div>
   <div class='ocr_carea' id='block_1_3' title="bbox 2203 3285 2311 3333">
    <p class='ocr_par' dir='ltr' id='par_1_3' title="bbox 2203 3285 2311 3333">
     <span class='ocr_line' id='line_1_46' title="bbox 2203 3285 2311 3333; baseline -0.009 0"><span class='ocrx_word' id='word_1_527' title='bbox 2203 3285 2311 3333; x_wconf 87' lang='lat' dir='ltr'><em>ficat</em></span> 
     </span>
    </p>
   </div>
  </div>
 </body>
</html>
