2670 3698
424 253 437 263 n
474 255 485 265 .
887 226 893 231 ’
1038 259 1041 261 ,
1345 221 1361 229 ”
1589 235 1592 239 ·
1706 247 1712 254 .
1774 214 1776 218 ⁷
1883 246 1896 248 -»
2001 243 2012 250 ι
2320 225 2354 259 '5

391 271 490 339 44³.
823 248 884 317 G
1020 245 1091 318 E
1223 245 1316 320 N
1445 243 1513 317 E
1646 245 1700 315 S
1832 247 1884 318 I
2008 249 2078 322 S.-

366 427 368 429 .
462 380 610 440 5287.
643 377 816 426 Virum
837 369 1173 440 intelligentem
1199 378 1250 426 &
1273 375 1544 441 sapientem,
1580 375 1708 440 quod
1733 375 1957 443 significet
1972 378 2030 427 de
2047 377 2268 428 influente
2284 379 2409 429 veto

395 444 447 492 ὅτ
481 446 621 502 bono,
655 444 829 492 constat
861 459 917 491 ex
952 444 1280 505 significatione
1313 443 1398 491 viri
1425 442 1740 506 intelligentis,
1780 444 1906 508 quod
1939 445 1992 493 sit
2015 460 2198 503 verum,
2236 448 2287 495 &
2313 445 2417 495 viii

395 511 602 575 sapientis
624 512 748 576 quod
775 511 827 558 sit
851 511 1028 557 bonum
1055 509 1148 573 ejus
1169 531 1183 565 ·,
1219 509 1453 558 sciendum
1477 508 1605 572 quod
1631 508 1676 556 in
1703 508 1826 558 sensu
1850 509 2029 559 interno
2054 528 2135 577 per
2158 514 2315 561 virum
2340 514 2419 560 in·-

395 577 679 639 telligentem
705 579 753 625 ὅτ
778 577 1025 640 sapientem
1052 592 1143 624 non
1170 577 1452 639 intelligatur
1473 572 1637 640 aliquis
1658 576 1733 623 vir
1755 576 1870 634 talis,
1907 575 1984 624 sed
2008 578 2231 626 abstraete
2256 595 2282 626 a
2298 595 2412 644 per·-

405 642 511 691 fona
534 644 578 690 id
602 646 727 708 quod
747 643 811 691 est
836 642 1126 705 intelligentis
1144 643 1194 690 ὅτ
1218 643 1443 708 sapientis,
1480 641 1585 690 ind‘e
1610 657 1768 690 verum
1793 643 1844 691 ὅτ
1867 644 2042 692 bonum
2065 665 2080 699 3
2116 645 2162 692 in
2183 645 2318 693 altera
2338 645 2409 693 vi·

401 720 462 767 ta,
501 709 727 773 imprimis
752 712 797 761 in
821 710 964 765 coelis,
1001 708 1153 757 omnis
1172 710 1427 775 cogitatio,
1451 709 1501 756 ὅτ
1527 708 1632 756 inde
1650 710 1800 756 omnis
1819 709 1995 772 loquela
2018 711 2072 758 fit
2090 725 2173 774 per
2190 711 2407 760 abstrasta

399 792 427 822 a
456 776 671 838 personis,
709 777 809 823 idco
843 776 1136 839 cogitatio&
1162 776 1343 840 loquela
1374 775 1437 823 ibi
1473 774 1538 822 est
1571 775 1851 832 universalis,
1887 777 1938 823 &
1969 774 2409 841 respectiveillimi}

402 854 498 889 tata
519 864 536 896 3>
569 857 792 907 qnantum
813 844 938 890 enim
962 842 1184 905 cogitatio
1209 844 1258 889 ὅτ
1277 841 1457 906 loquela
1480 841 1809 888 determinatur
1832 842 1887 888 ad
1914 843 2142 905 personaS,
2177 843 2230 890 ad
2251 858 2410 893 earum

399 909 638 972 qualitates
672 911 717 956 in
755 910 916 972 specie,
953 910 1004 956 ὅτ
1039 921 1263 972 quantum
1287 909 1342 956 ad
1370 907 1578 964 nomina,
1613 919 1667 954 ut
1690 909 1737 956 ὅτ
1763 908 1816 954 ad
1844 924 1996 966 voces,
2033 920 2213 956 tantum
2238 910 2294 959 fit
2321 910 2414 957 mi-

398 991 483 1023 nus
518 975 800 1032 universalis,
837 977 886 1023 &
911 987 1088 1023 tantum
1113 990 1300 1038 quoque
1340 973 1664 1021 determinatur
1688 975 1734 1021 in
1772 989 1887 1031 rem,
1924 976 1974 1023 ὅτ
1998 974 2326 1031 inibi’manet3
2360 989 2412 1025 ae

399 1057 627 1106 quantum
652 1058 741 1088 non
767 1042 825 1090 ad
852 1042 942 1097 illa,
980 1040 1053 1088 sed
1085 1042 1140 1087 ad
1165 1057 1231 1088 res
1263 1039 1480 1088 abstraite
1504 1041 1560 1087 ab
1585 1040 1690 1097 illis,
1728 1052 1910 1089 tanturn
1934 1042 2266 1090 determinatur
2289 1058 2313 1088 a
2337 1059 2410 1101 re,-

400 1110 452 1156 &
475 1108 731 1155 extenditur
753 1120 877 1155 extra
901 1107 960 1165 se,
998 1108 1047 1154 ὅτ
1071 1107 1124 1155 fit
1150 1107 1335 1156 intuitio
1361 1101 1584 1170 superior,
1624 1107 1814 1170 proinde
1846 1107 2178 1162 universalior3
2214 1108 2302 1157 hoc
2328 1125 2410 1173 ap-

401 1186 530 1237 paret
554 1170 804 1241 masssste
828 1190 853 1220 a
887 1173 1166 1235 cogitatione
1202 1172 1420 1227 hominis,
1455 1184 1684 1236 quantum
1710 1173 1782 1220 illa
1806 1172 1978 1236 spec'tat
2000 1189 2136 1222 voces
2157 1174 2409 1238 loquentis,

398 1253 578 1289 tan-tum
604 1256 694 1288 non
729 1240 898 1303 spectat
920 1238 1095 1286 sensum
1118 1237 1229 1302 ejus,
1266 1240 1317 1286 &
1341 1251 1569 1302 quantum
1593 1238 1718 1301 apud
1742 1238 1786 1286 se
1810 1238 1981 1302 specstat
2003 1240 2285 1303 particularia
2308 1257 2408 1290 me-

404 1308 583 1362 moriae,
620 1308 669 1355 ὅτ
693 1306 803 1354 inibi
829 1318 1000 1362 manet,
1037 1317 1218 1353 tantum
1241 1320 1332 1353 non
1359 1304 1554 1368 percipit
1577 1303 1724 1369 qualia
1760 1320 1913 1353 rerum
1935 1326 1950 1360 ·,
1984 1306 2034 1354 &
2069 1305 2215 1354 adhuc
2239 1313 2409 1370 magis,

402 1373 690 1438 quantumin
717 1371 901 1436 singulis
933 1372 1104 1436 speetat
1126 1369 1282 1427 semet,
1315 1379 1492 1418 tantum
1515 1369 1745 1418 contrahit
1772 1371 2089 1435 cogitationes,
2124 1371 2172 1420 ὅτ
2197 1372 2240 1421 se
2263 1388 2410 1422 remo-

405 1451 486 1487 vet
502 1439 558 1487 ab
582 1439 826 1487 intuitione
851 1437 913 1485 rei
934 1439 978 1486 in
998 1436 1267 1492 universali,
1300 1437 1410 1485 inde
1430 1435 1510 1493 est,
1544 1436 1692 1501 quod,
1727 1450 1953 1501 quantum
1978 1439 2079 1502 quis
2096 1439 2137 1486 fe
2161 1453 2283 1489 amat
2306 1455 2406 1505 prae

403 1506 518 1562 aliis,
555 1504 735 1553 tantum
760 1506 909 1552 minus
933 1504 1105 1569 sapiens
1127 1504 1212 1551 fit:
1248 1502 1355 1551 inde
1378 1517 1498 1550 nunc
1521 1516 1663 1566 patet,
1697 1519 1777 1551 cur
1802 1503 2018 1552 abstracta
2042 1521 2068 1552 a
2091 1505 2290 1569 personis
2314 1507 2406 1569 fig?

401 1572 648 1620 nificentur
681 1572 727 1618 in
751 1570 873 1620 sensu
897 1572 1076 1619 interno
1107 1586 1187 1633 per
1205 1570 1278 1618 illa
1301 1586 1410 1634 quae
1443 1569 1740 1618 determinata
1765 1570 1868 1618 sunt
1889 1570 1945 1618 ad
1969 1572 2174 1635 personas
2204 1571 2248 1619 in
2272 1571 2402 1622 sensu

402 1638 567 1696 literae,
583 1639 813 1699 ‘videatur
833 1636 974 1685 etiam
993 1654 1050 1684 n:
1077 1651 1222 1700 5225.
1294 1637 1348 1685 In
1371 1635 1528 1684 Verbo
1552 1637 1712 1700 paffim
1735 1636 2030 1702 distinguitur
2052 1638 2169 1686 inter
2190 1637 2403 1704 sapienti·-

403 1721 498 1763 am,
533 1703 897 1766 intelligentiam,
932 1703 1251 1760 &‘scientiam‚‘
1283 1703 1333 1751 ὅτ
1356 1717 1440 1767 per
1461 1701 1728 1766 sapientiam
1749 1702 2013 1766 intelligitur
2030 1703 2075 1752 id
2094 1704 2297 1768 quod‘ex
2315 1705 2402 1754 bo-

404 1787 483 1828 no,
505 1786 584 1836 per
608 1771 956 1835 intelligentiam
983 1770 1029 1818 id
1055 1768 1180 1835 quod
1206 1785 1263 1817 ex
1280 1785 1404 1825 vero,
1440 1769 1491 1817 &
1515 1784 1596 1833 per
1617 1769 1848 1817 scientiam
1867 1781 2112 1836 utrum'que
2134 1771 2189 1819 id·
2206 1771 2251 1820 in
2275 1784 2402 1821 natu·

406 1839 487 1886 rali
507 1838 736 1893 hominis·,
772 1835 884 1885 sicut
903 1836 1023 1901 apud
1047 1836 1213 1883 Mosen
1250 1843 1283 1866 ‘⁸
1310 1835 1510 1899 Implevi
1533 1834 1808 1884 Bazaleelem
1836 1836 1991 1901 spiritu
2009 1837 2097 1889 Dei
2115 1838 2266 1901 quoad
2280 1841 2402 1902 sapi-‘-

409 1907 581 1961 entiam,
618 1905 668 1951 ὅτ
696 1902 856 1969 *quoad
891 1903 1230 1968 intelligentiam,
1266 1904 1315 1951 ὅτ
1338 1901 1493 1966 quoad
1521 1902 1760 1965 scientiam,
1796 1903 1847 1950 ὅτ
1882 1903 2035 1967 quoad
2067 1919 2206 1950 omne
2229 1919 2348 1968 opus
2366 1903 2401 1924 ”

405 1971 544 2019 Exod
565 1988 576 2018 z
600 1986 713 2017 xxxi
738 1987 750 2016 t
777 1986 823 2018 2.
860 1986 904 2034 3.
965 1970 1093 2033 Cape
1118 1985 1275 2017 xxxv:
1303 1984 1380 2031 30.
1420 1969 1596 2031 311⁴&
1631 1969 1755 2032 apud
1794 1968 2016 2018 Eundem
2052 1977 2089 2000 “
2114 1971 2235 2019 Date
2267 1972 2405 2020 vobis

406 2041 527 2084 viros
548 2038 775 2101 sapientes,
811 2037 862 2084 ὅτ
890 2037 1163 2099 intelligentes
1185 2036 1236 2083 ὅτ
1248 2037 1438 2100 scientes,
1465 2033 1601 2098 juxta
1625 2035 1767 2084 tribus
1802 2035 1985 2102 vestras,
2019 2050 2074 2084 ut
2097 2052 2267 2102 ponam
2295 2037 2400 2087 illos

406 2106 452 2152 in
479 2103 643 2166 Capita
666 2102 808 2149 vestra
827 2101 859 2121 '⁹
894 2103 1040 2150 Dent:
1070 2119 1111 2149 1:
1145 2118 1218 2165 13.
2030 2159 2044 2168 l

475 2172 620 2232 5288.
656 2168 722 2216 Et
741 2168 982 2216 constituat
1000 2168 1134 2216 illum
1158 2168 1290 2232 super
1312 2167 1474 2216 terram
1502 2166 1720 2233 AEgypti,
1755 2169 1881 2234 quod
1905 2168 2131 2234 significet
2147 2185 2254 2234 quae
2278 2170 2422 2219 ordi-t

405 2237 581 2284 nabunt
605 2235 648 2282 in
675 2247 828 2283 mente
848 2235 1038 2282 naturali
1057 2234 1233 2291 omnia,
1263 2234 1436 2281 constat
1453 2250 1513 2282 ex
1531 2235 1864 2298 significatione
1881 2236 2151 2284 constituere
2169 2238 2300 2301 super
2321 2238 2404 2300 ali-

403 2302 536 2367 quid,
571 2301 695 2366 quo-d
716 2302 769 2348 fit
784 2301 1013 2365 praeficere
1033 2300 1112 2366 qui
1130 2300 1327 2356 ordinet,
1361 2301 1420 2349 ita
1437 2310 1627 2365 quoque
1644 2300 1850 2350 ordinare
1870 2323 1883 2357 3
1919 2303 1970 2350 ὅτ
1990 2318 2046 2349 ex
2069 2302 2400 2366 significatione

406 2382 538 2417 terrae
570 2367 784 2431 AEgypti,
820 2368 947 2433 quod
975 2367 1027 2415 fit
1052 2382 1180 2414 mens
1203 2367 1431 2423 naturalis,
1467 2379 1522 2415 ut
1547 2368 1671 2431 supra
1690 2384 1748 2415 n:
1773 2370 1920 2429 5276.
1950 2370 2094 2431 5278.
2118 2385 2284 2435 52793
2318 2383 2401 2434 per

409 2435 528 2482 illum
553 2433 629 2481 hic
649 2433 916 2498 intelligitur
934 2433 1003 2479 vir
1021 2432 1278 2497 intelligens
1302 2433 1353 2480 ὅτ
1378 2431 1563 2496 sapiens,
1597 2450 1678 2497 per
1701 2450 1842 2499 quem
1866 2434 2141 2496 fignificatur
2162 2450 2324 2483 verum
2349 2438 2400 2485 ὅτ

409 2503 617 2556 bonum3
654 2500 766 2547 inde*
785 2511 926 2564 patet,
960 2499 1086 2567 quod
1110 2515 1190 2564 per
1216 2499 1293 2547 illa
1326 2500 1461 2546 verba
1494 2500 1783 2562 significetur,
1820 2500 1944 2565 quod
1969 2516 2126 2549 verum
2149 2502 2197 2549 ὅτ
2223 2499 2399 2565 bonum

406 2567 684 2615 ordinabunt
707 2567 751 2617 in
773 2565 960 2614 naturali
985 2565 1177 2623 omnia:
1203 2564 1268 2613 est
1289 2564 1429 2613 etiam
1453 2565 1624 2614 bonum
1644 2567 1693 2615 ὅτ
1716 2582 1899 2623 verum,
1935 2578 2045 2631 'quae
2067 2568 2280 2616 ordinant-
2293 2584 2400 2618 om·

409 2635 482 2681 nia
505 2634 554 2682 &
582 2633 755 2696 singula
779 2633 824 2680 in
861 2645 1014 2680 mente
1038 2632 1247 2689 naturali,
1284 2631 1483 2681 influunt
1516 2634 1639 2681 enim
1677 2631 1751 2680 illa
1783 2633 1841 2680 ab
1874 2632 2092 2690 interiori,
2128 2635 2178 2682 &
2213 2635 2272 2682 sic
2308 2634 2400 2682 dii*-

406 2711 612 2764 ponunt:
649 2695 844 2763 quinon
871 2700 1018 2754 novit,
1040 2699 1281 2762 quomodo
1303 2698 1345 2745 fe
1368 2699 1505 2747 habet
1517 2701 1628 2748 curn
1644 2696 1851 2748 facultate
1869 2699 2067 2748 hominis
2085 2700 2399 2760 intelledtuali,

407 2766 457 2815 ὅτ
490 2765 732 2831 quomodo
761 2765 906 2813 homo
934 2764 1102 2812 intueri
1125 2779 1192 2826 res
1225 2759 1380 2829 queat,
1414 2766 1640 2830 percipere
1672 2766 1792 2823 illos,
1827 2766 2047 2830 analytice
2075 2767 2293 2829 cogitare-3
2329 2767 2399 2814 in·

407 2834 466 2881 de
486 2832 774 2894 concludere,
810 2832 860 2880 &
882 2830 1075 2879 demum
1099 2827 1260 2878 refe‘rre
1276 2831 1332 2878 ad
1348 2829 1650 2888 voluntatem,
1686 2833 1734 2881 ὅτ
1755 2849 1835 2897 per
1852 2833 2134 2882 voluntatem
2157 2832 2202 2878 in
2222 2832 2396 2889 actum,

408 2895 588 2947 is‘niliil·
605 2900 651 2945 in
677 2898 745 2945 his
767 2898 973 2953 miratur,
1010 2908 1142 2961 putat
1174 2897 1303 2962 quod
1326 2897 1567 2946 omnia-fic
1599 2900 1860 2948 naturaliter
1891 2901 2049 2955 fluant,
2088 2897 2268 2963 prorsus
2303 2914 2396 2947 non

407 2963 560 3021 scient»,
597 2964 727 3027 quod‘
755 2965 910 3017 omnia
927 2965 977 3012 ὅτ
996 2964 1168 3026 singula
1208 2963 1300 3011 fint·
1315 2960 1373 3012 ex
1399 2963 1588 3024 influxu,
1604 2980 1688 3030 pet
1701 2966 1872 3014 coelum
1889 2981 1914 3012 a
1935 2962 2161 3021 Domino,
2197 2966 2247 3013 &
2266 2966 2395 3029 quod

405 3031 553 3087 homo
580 3030 745 3093 absque
780 3029 961 3078 influxu
995 3029 1076 3077 illo
1096 3045 1153 3077 ne
1187 3029 1332 3078 hilum
1351 3032 1485 3094 poffit
1499 3031 1717 3095 cogitare,
1751 3033 1803 3080 &
1824 3030 1953 3096 quod
1973 3028 2162 3079 ceffante
2194 3030 2393 3088 influxu,

405 3097 539 3144 ceffet
558 3111 696 3143 omne
718 3094 1039 3161 cogitationis3
1076 3095 1180 3144 inde
1209 3111 1293 3144 nee
1315 3096 1412 3153 scit,
1446 3098 1575 3161 quod
1614 3098 1791 3145 bonum
1826 3110 1909 3161 per
1937 3095 2114 3144 coelum
2154 3096 2347 3147 influens
2369 3114 2395 3145 a

407 3164 616 3213 Domino
649 3162 829 3211 ordinet
845 3163 1021 3220 omnia,
1056 3162 1297 3212 &formet
1319 3161 1376 3208 ad
1412 3162 1547 3210 instar
1581 3163 1699 3212 coeli·
1724 3174 1951 3228 quantum
1990 3161 2094 3210 finit
2129 3162 2289 3222 home,
2341 3164 2395 3213 ὅτ

402 3228 532 3299 quod
554 3227 661 3280 inde
683 3228 900 3295 cogitatio
922 3229 1034 3281 fluat
1067 3227 1229 3282 formae
1251 3226 1422 3300 coelesti
1456 3228 1810 3289 convenientem
1842 3229 1996 3282 forma·
2011 3227 2295 3346 coelestisfest
2318 3229 2396 3279 ilia

2233 3312 2382 3355 orma,
