2566 3640
259 240 570 319 CAPUT
607 222 938 323 QUAD‘R
947 231 1462 307 AGESIMUM
1504 192 2031 310 SEPTIMUM.
2093 245 2225 329 367

234 381 284 431 in
306 382 397 439 illa,
451 372 670 441 fignificat
699 369 864 416 datum
910 367 961 415 ὅτ
1000 366 1262 415 ordinatum
1286 367 1348 415 ita
1370 367 1427 416 ab
1450 368 1635 415 Interno
1661 385 1673 415 :
1725 368 1776 415 &
1798 365 2127 415 fruetificarunt
2152 367 2215 424 se,

232 448 286 497 &
302 440 589 508 multiplicati
605 436 760 493 valde,
795 434 1017 498 fignificat
1036 434 1140 482 inde
1156 436 1272 481 bona
1295 435 1520 483 charitatis
1540 436 1591 484 ὅτ
1614 450 1718 482 vera
1743 434 1851 483 fidei
1872 452 1882 480 :
1919 436 1969 481 δε
1993 435 2111 480 vixit
2137 434 2218 495 Ja-

231 516 322 563 cob
336 515 384 562 in
408 523 522 559 terra
537 503 756 568 AEgypti,
793 501 1016 564 fignificat
1035 516 1198 548 verum
1217 501 1424 551 naturalis
1445 502 1572 564 quod
1591 502 1639 548 in
1664 501 1948 550 scientificis:
1987 499 2220 564 septende-

231 581 326 630 cim
347 576 496 632 anniS‚
534 573 758 634 fignificat
780 569 948 616 statum
973 568 1037 614 ibi
1057 584 1079 614 ε.
1105 568 1155 615 ὅτ
1178 567 1267 615 fuit
1301 569 1397 615 dies
1422 568 1584 630 Jacobi
1608 569 1713 615 anni
1738 569 1848 615 vitae
1872 568 2010 625 illius,
2047 567 2221 629 septem

229 637 355 702 anni,
389 645 441 692 &
462 638 765 707 quadraginta
787 636 839 683 δε
871 646 1061 683 centum
1085 635 1208 689 anni,
1238 634 1461 696 fignificat
1492 633 1658 682 statum
1676 650 1988 690 communem,
2013 634 2062 681 &
2085 633 2224 696 quale

194 722 197 725 '
229 710 356 776 eJus:
391 711 443 759 δε
464 705 893 772 appropinquarunt
921 701 1019 748 dies
1055 699 1224 748 Israelis
1245 701 1301 747 ad
1327 700 1637 757 moriendum,
1674 699 1894 763 fignificat
1917 701 2082 748 statum
2110 714 2222 747 mox

227 791 333 827 ante
351 775 739 838 regenerationem
760 787 771 816 ι
806 770 858 817 δε
876 767 1058 814 vocavit
1076 766 1226 813 filium
1246 767 1377 815 suum
1397 766 1672 830 josephum,
1695 768 1915 831 fignificat
1931 768 2215 831 praesentiam

231 845 404 895 Interni
425 859 438 890 z
473 842 524 889 &
548 838 668 887 dixit
690 837 751 893 ei,
786 835 820 882 fi
838 833 997 899 quaeso
1021 832 1176 880 inveni
1195 834 1389 896 gratiam
1416 834 1461 880 in
1492 835 1638 882 oculis
1663 834 1768 889 tuis,
1805 835 2026 897 fignificat
2047 834 2222 880 defide-

230 911 386 960 rium:
423 923 546 973 pone
586 902 742 968 quaeso
775 915 963 947 manum
996 911 1121 946 tuam
1146 897 1229 945 sub
1254 901 1427 947 femore
1462 914 1584 955 meo,
1619 898 1843 963 fignificat
1875 900 2219 947 obstristionem

232 977 430 1027 sanctam
451 992 462 1022 :
518 974 570 1020 δε
590 971 723 1017 facias
747 981 931 1014 mecum
955 964 1306 1012 misericordiam
1333 967 1383 1013 δε
1407 965 1662 1022 veritatem,
1699 966 1922 1027 fignificat
1943 966 2225 1015 humiliatio·

233 1059 370 1093 nem:
406 1055 463 1103 ne
481 1036 642 1102 -quaeso
666 1033 850 1098 sepelias
868 1033 1009 1080 mein
1027 1031 1259 1095 AEgypto,
1297 1031 1523 1093 fignificat
1540 1034 1931 1094 regenerationem
1956 1049 2046 1079 non
2072 1032 2117 1079 in
2143 1034 2224 1081 sci-

232 1106 459 1158 entificis:
494 1107 546 1152 δε
567 1104 736 1151 cubem
758 1115 865 1148 cum
892 1099 1095 1163 patribus
1118 1099 1249 1156 meis,
1285 1098 1509 1160 fignificat
1530 1101 1675 1146 vitam
1699 1099 1843 1162 qualis
1877 1099 2101 1164 Antiquis
2122 1117 2132 1145 :
2169 1100 2221 1147 δε

228 1176 341 1225 feras
365 1189 440 1222 me
470 1187 529 1218 ex
554 1170 786 1233 AEgypto,
821 1166 1043 1228 fignificat
1065 1175 1117 1212 ut
1149 1164 1202 1212 fit
1237 1165 1430 1213 elevatio
1452 1181 1510 1212 ex
1533 1166 1818 1213 scientificis:
1854 1167 1904 1214 δε
1937 1166 2120 1230 sepelias
2146 1181 2222 1215 me

231 1242 281 1291 in
305 1239 543 1305 sepulchro
575 1235 778 1291 illorum,
812 1232 1039 1295 fignificat
1071 1231 1211 1279 talem
1246 1234 1664 1294 regenerationem:
1702 1234 1751 1280 &
1774 1233 1910 1289 dixit,
1943 1249 2034 1296 ego
2059 1233 2219 1280 faciam
2317 1233 2326 1242 “

229 1307 480 1357 secundum
514 1303 707 1351 verbum
747 1314 898 1355 tuum,
950 1297 1170 1361 fignificat
1198 1300 1327 1362 quod
1363 1299 1421 1347 ita
1455 1300 1536 1346 fiet
1559 1315 1617 1346 ex
1645 1298 1937 1348 Providentia
1961 1316 1984 1346 a
2007 1300 2183 1346 Divino
2206 1315 2218 1347 :

232 1377 285 1424 δε
303 1374 439 1428 dixit,
465 1369 570 1435 jura
589 1367 722 1425 mihi,
761 1365 983 1428 fignificat
1002 1378 1052 1413 ut
1071 1364 1359 1413 irrevocabile
1385 1364 1462 1417 sit:
1486 1367 1536 1413 &
1558 1364 1723 1426 iuravit
1745 1365 1804 1421 ei,
1843 1365 2064 1429 fignificat
2087 1366 2218 1431 quod

230 1439 556 1490 irrevocabile:
593 1437 644 1484 &
667 1431 927 1481 incurvavit
950 1430 992 1478 se
1017 1431 1147 1479 Israel
1171 1432 1301 1494 super
1329 1445 1465 1497 caput
1496 1432 1618 1490 lecti,
1657 1431 1877 1496 fignificat
1895 1433 2022 1497 quod
2047 1433 2089 1482 se
2116 1449 2218 1481 ver-

230 1520 347 1557 teret
368 1505 427 1553 ad
450 1505 527 1552 illa
547 1517 655 1566 quae
673 1500 775 1547 sunt
798 1498 1020 1546 interioris
1044 1498 1252 1546 naturalis

298 1573 445 1636 6169.
483 1569 548 1618 Et
572 1566 794 1616 habitavit
821 1564 952 1613 Israel
979 1566 1024 1611 in
1047 1577 1162 1611 terra
1179 1565 1397 1628 AEgypti‚
1433 1566 1564 1630 quod
1604 1566 1832 1629 significet
1871 1565 1997 1628 quod
2034 1566 2214 1616 bonum

230 1638 464 1706 spirituale
502 1635 682 1683 viveret
723 1633 843 1680 inter
884 1631 1128 1678 scientifica
1168 1648 1278 1695 quae
1303 1632 1536 1689 Ecclesiae,
1572 1633 1745 1680 constat
1784 1649 1841 1681 ex
1879 1633 2214 1694 significatione

233 1708 456 1762 habitare,
490 1702 617 1766 quod
656 1701 711 1748 fit
749 1698 923 1755 vivere,
973 1698 1030 1744 de
1054 1714 1145 1762 qua
1178 1715 1235 1745 n:
1281 1714 1419 1762 1293.
1462 1703 1606 1762 3384.
1649 1701 1795 1764 3613.
1836 1716 2003 1761 44513
2055 1716 2111 1748 ex
2148 1718 2216 1748 se-

160 1773 167 1775 *
233 1770 584 1840 praesentatione
609 1765 797 1822 Israelis,
850 1763 979 1828 quod
1022 1764 1073 1811 fit
1109 1766 1285 1811 bonum
1323 1764 1570 1828 spirituale,
1605 1767 1662 1812 de
1688 1783 1774 1829 qua
1801 1783 1860 1813 n:
1888 1772 2031 1827 5801.
2067 1771 2213 1829 5903.

234 1836 389 1902 5‘806.2
428 1840 574 1898 581‘2.
617 1837 762 1896 5817.
812 1835 961 1895 58¹9·
1007 1830 1152 1890 5826.
1204 1834 1371 1893 5833·‚
1422 1833 1471 1879 δε
1508 1848 1566 1880 ex
1606 1833 1937 1895 significatione
1977 1847 2103 1880 terrae
2131 1824 2214 1881 AEs-

235 1905 391 1970 gypti‚
427 1900 556 1966 quod
595 1901 651 1947 fit
692 1913 823 1946 mens
870 1897 1086 1943 naturalis
1127 1896 1210 1943 ubi
1245 1896 1508 1953 scientifica,
1569 1899 1627 1945 de
1664 1914 1749 1962 qua
1791 1915 1846 1944 n:
1877 1917 1904 1961 5
1944 1903 2023 1964 76,
2067 1906 2210 1964 5²78·

238 1976 385 2033 5280.
415 1970 559 2030 5288.
591 1982 710 2029 530¹
739 1986 753 2019 ;
790 1963 916 2028 quod
941 1963 1176 2026 AEgyptus
1201 1962 1429 2026 significet
1456 1964 1708 2013 ‘scientifiea
1733 1965 1963 2023 Ecclesiae,
2003 1955 2213 2015 vicieatur

151 2043 153 2046 ⁴
197 2053 199 2056 ’
238 2056 270 2086 n
292 2056 303 2086 :
328 2052 479 2099 4749.
503 2037 651 2097 4964.
677 2031 826 2094 4966.
856 2033 1002 2089 6004.

304 2106 448 2167 6170.
485 2100 537 2147 In
564 2111 678 2145 terra
700 2097 928 2152 Goschen,
962 2096 1087 2160 quod
1114 2095 1335 2160 significet
1368 2095 1412 2142 in
1436 2096 1591 2143 medio
1614 2112 1793 2153 eorum,
1829 2079 2046 2146 constata
2074 2083 2207 2164 signi-

232 2170 444 2223 ficatione
466 2181 598 2214 terrae
615 2163 838 2222 Goschen,
873 2164 1000 2228 quod
1024 2163 1078 2211 fit
1099 2163 1310 2211 medium
1334 2162 1406 2209 seu
1443 2162 1659 2210 intimum
1699 2166 1743 2210 in
1783 2166 1986 2223 naturali,
2033 2168 2090 2214 de
2116 2186 2210 2233 qua

235 2256 291 2288 n:
342 2234 658 2301 5910.6028.
687 2232 833 2293 6031.
863 2232 1028 2283 6068·,
1072 2231 1130 2277 ita
1168 2232 1214 2276 in
1254 2231 1410 2277 medio
1449 2229 1813 2288 scientificorum,
1849 2234 1958 2295 quia
1997 2234 2209 2283 Goschen

228 2316 326 2355 erat
347 2302 554 2367 optimus
588 2310 720 2345 terrae
740 2298 905 2346 tractus
927 2297 973 2344 in
998 2297 1225 2362 AEgypto.

302 2372 449 2432 6171.
484 2367 549 2415 Et
573 2364 885 2430 poffeffionem
909 2364 1163 2412 habuerunt
1204 2365 1249 2410 in
1290 2363 1395 2419 illa„
1417 2362 1541 2428 quod
1580 2364 1800 2428 significet
1823 2366 1982 2414 datum
2008 2369 2059 2416 δε
2081 2370 2205 2416 ordi·

237 2450 398 2488 natum
423 2435 484 2481 ita
506 2433 564 2481 ab
580 2433 784 2489 Interno,
819 2430 993 2483 constat
1017 2447 1041 2478 a
1065 2431 1396 2494 significatione
1424 2431 1711 2493 possessionis,
1748 2434 1876 2495 quod
1903 2434 1953 2480 sit
1978 2435 2110 2481 statio
2135 2437 2204 2483 vi·

234 2518 298 2553 tae
321 2500 576 2565 spiritualis,
611 2498 669 2555 de
704 2514 794 2564 qua
817 2515 844 2545 n
867 2514 878 2543 ε
905 2497 1071 2561 6io33
1107 2500 1157 2545 ὅτ
1195 2499 1302 2559 quia
1325 2497 1554 2560 Josephus
1595 2498 1681 2544 illis
1724 2499 2036 2560 poffcffionem
2078 2502 2202 2549 illam

234 2571 379 2624 dedit,
415 2566 569 2613 Versz‘
590 2583 608 2613 1
627 2583 666 2620 r,
702 2565 975 2626 significatur
998 2564 1124 2628 quod
1148 2562 1278 2610 statio
1303 2562 1376 2610 illa
1399 2563 1504 2610 data
1525 2564 1575 2611 δε
1598 2564 1802 2612 ordinata
1826 2566 1879 2613 fit
1902 2567 1959 2613 ab
1983 2568 2169 2616 interno
2192 2587 2208 2616 .-

234 2636 360 2703 quod
386 2634 473 2680 hoc
497 2631 788 2694 significetur,
813 2631 1015 2696 sequitur
1038 2646 1095 2677 ex
1119 2629 1239 2678 serie.

305 2702 450 2763 6172.
488 2698 554 2746 Et
589 2696 922 2746 fruetificarunt
962 2698 1023 2754 se,
1059 2698 1109 2745 δε
1149 2695 1439 2760 multiplicati
1479 2697 1627 2753 valde,
1662 2698 1789 2763 quod
1833 2699 2056 2760 significet
2096 2701 2203 2748 inde

232 2771 354 2818 bona
397 2764 623 2813 charitatis
662 2766 711 2812 ὅτ,
751 2772 855 2810 vera
895 2762 1020 2819 fidei,
1078 2763 1252 2811 constat
1312 2780 1370 2811 ex
1428 2764 1757 2826 fignificatione
1813 2764 2080 2813 fructificare
2138 2768 2202 2825 se,

236 2834 368 2901 quod
404 2832 457 2878 s1t
498 2830 747 2893 producere
782 2832 901 2877 bona
935 2845 1041 2894 quae
1076 2829 1324 2885 charitatiS,
1361 2829 1428 2876 ,ὅτ
1463 2845 1521 2877 ex
1558 2831 1887 2894 fignificatione
1925 2826 2206 2897 multiplica-

242 2918 310 2958 re,
346 2897 471 2963 quod
507 2897 562 2944 fit
596 2897 840 2959 producere
874 2912 980 2942 vera
1013 2911 1118 2960 quae
1151 2895 1278 2952 fidei,
1314 2895 1372 2942 de
1405 2896 1574 2960 quibus
1609 2914 1639 2944 n
1663 2915 1678 2944 :
1703 2915 1781 2961 43.
1821 2914 1898 2959 55.
1936 2915 2049 2963 913.
2092 2905 2208 2964 983,

243 2968 390 3026 2846.
432 2967 597 3023 28473
650 2962 906 3010 fructificari
941 2962 1068 3009 enim
1103 2962 1270 3008 dicitur
1321 2979 1345 3008 a
1379 2961 1617 3018 fructibus,
1653 2963 1733 3027 qui
1787 2964 1830 3010 in
1868 2963 1992 3013 sensu
2030 2970 2208 3015 interno

241 3031 494 3092 significant
526 3029 752 3077 charitatis
786 3044 940 3092 opera,
993 3029 1043 3075 δε
1078 3027 1374 3090 multiplicari
1409 3045 1434 3074 a
1469 3030 1790 3086 multitudine,
1843 3046 1950 3093 quae
1995 3037 2042 3081 in
2080 3034 2207 3082 sensu

241 3098 417 3144 interno
451 3096 723 3160 praedicatur
755 3095 812 3143 de
848 3095 957 3143 fidei
991 3094 1109 3142 veris
1131 3115 1146 3149 3
1181 3094 1383 3142 multum
1407 3096 1532 3143 enim
1558 3095 1604 3143 in
1630 3097 1785 3145 Verbo
1809 3096 1971 3146 dIcitur
1994 3103 2050 3148 de
2075 3103 2213 3158 veriS,

243 3176 470 3221 magnum
494 3174 650 3209 autem
674 3163 732 3209 de
754 3163 903 3208 bonis.
984 3168 988 3175 '
1795 3209 1798 3214 ,

243 3268 274 3297 ι,
315 3228 462 3292 6173.
500 3229 564 3278 Et
587 3228 705 3277 vixit
729 3229 877 3294 Jacob
919 3228 963 3277 in
988 3240 1101 3278 terra
1124 3227 1341 3293 AEgypti‚
1376 3227 1505 3292 quod
1543 3229 1765 3291 fignificet
1800 3249 1965 3284 verum
2005 3236 2217 3285 natural'³s

757 3334 761 3338 -
2094 3302 2223 3365 quo]
