2566 3640
286 219 597 292 CAPUT
637 200 1487 304 QUADRAGESIMUM
1528 213 2028 287 OCTAVUM.
2075 240 2234 305 -401

253 339 373 408 lunt,
409 351 466 409 &h
484 349 623 414 usq'ue
639 338 786 396 dicere
811 346 938 411 quod
953 346 1076 410 spem
1098 345 1158 392 de
1182 344 1319 393 salute
1337 344 1557 394 habeant:
1596 343 1704 392 inde
1725 343 1863 391 etiam
1887 340 2023 390 hodie
2043 341 2104 389 ita
2121 357 2229 408 eva-

254 419 357 465 nuit
373 411 579 471 charitas,
614 427 668 462 ut
690 416 769 473 vix
791 414 849 461 ab
871 413 1027 476 aliquo
1047 413 1208 461 sciatur
1223 412 1337 477 quid
1361 412 1430 468 fit,
1465 411 1785 474 consequenter
1800 411 1936 456 etiam
1957 408 2084 464 fides,
2121 425 2224 455 narn

251 494 409 531 unum·
425 481 592 546 absque
613 480 757 527 altero
781 496 869 527 non
893 479 1037 527 datur.
1106 479 1154 526 Si
1182 479 1390 527 Charitas
1414 481 1566 543 primo
1590 477 1692 525 loco
1708 474 1842 530 foret,
1878 477 1928 523 &
1947 475 2059 522 fides
2075 474 2227 522 secun-

243 543 334 605 ·do,
366 547 453 594 alia
479 547 613 595 facies
634 546 847 594 Ecclefiae
868 544 1002 601 foret,
1038 561 1154 593 nam
1171 557 1277 592 tunc
1300 560 1390 592 non
1415 546 1492 593 alii
1515 544 1766 592 dicerentur
1788 541 2049 598 Christiani,
2086 558 2223 605 quani

249 609 338 679 qui
357 610 505 661 vitam
524 613 769 661 secundum
791 628 959 659 verum.
978 611 1084 658 fidei
1100 607 1325 667 viverent,
1359 610 1447 658 hoc
1462 611 1544 667 est,
1578 610 1724 657 vitam
1742 608 1969 657 charitatis
1989 629 2003 662 ;
2038 609 2088 656 &
2111 624 2227 672 quo-

249 690 342 755 que
365 679 656 727 tun'c'scirent
679 680 790 743 quid
809 679 996 727 charitas
1015 698 1030 732 ς
1046 677 1202 725 ‘etiam
1229 691 1335 726 tunc
1351 692 1450 724 -non
1471 678 1625 740 ¹plures
1649 676 1868 723 Ecclefias
1882 673 2097 730 facerent,
2134 674 2225 721 (lis-

250 746 508 808 tinguendo
539 746 651 793 inter
684 745 1061 794 illas'secundum
1084 743 1324 807 opiniones
1346 743 1540 801 deyeris
1564 742 1672 790 fidei
1692 763 1706 796 ;
1742 741 1816 788 sed
1841 757 1982 788 unam
2005 741 2223 805 dicerent,

249 814 299 860 in
321 828 413 876 qua
435 812 577 859 effent
595 826 760 863 omnes
781 811 864 875 qui
886 812 934 860 in
959 811 1082 859 bono
1105 810 1231 864 vitaz,
1266 824 1349 856 nec
1365 809 1518 866 ,modo
1541 808 1622 872 qui
1644 809 1760 856 intra
1782 807 1938 855 orbem
1963 807 2042 854 ubi
2070 806 2227 854 Eccle-

252 879 345 935 slae,
402 877 475 924 sed
499 880 637 925 etiam
660 880 742 942 qui
762 891 894 938 extra
910 875 1077 928 illumi
1129 874 1328 921 Ecclefia
1367 875 1424 922 fic
1449 875 1494 920 in
1522 873 1821 933 illustratione⁴
1841 872 1960 920 foret
1982 874 2039 920 cle
2063 873 2226 920 talibus

248 943 481 1008 quaesunt
499 935 893 1006 Regniznomini,
908 936 1109 991 'charitas
1123 938 1467 997 enim‘illustrat,
1481 939 1487 982 ἶ
1502 941 1552 988 &
1571 939 1791 1004 nusquam
1809 938 1925 986 fides
1938 938 2106 1003 absque
2123 939 2229 987 cha·

245 1005 385 1058 ritate
397 1031 412 1064 ς
426 1024 495 1071 νχιε
510 1020 678 1056 erorres
699 1007 873 1056 inducti
892 1021 972 1070 per
988 1006 1132 1055 fidem
1145 1005 1428 1071 separatam·
1442 1006 1678 1070 perspicue
1693 1004 1956 1053 viderentur
1975 1022 1986 1050 t
2023 1006 2127 1052 inde
2145 1022 2227 1068 pa-

245 1088 357 1132 tet,—
381 1079 491 1139 qulae
512 1074 598 1129 alia
618 1074 752 1138 facies
775 1073 990 1122 Ecclefi'ae
1011 1073 1150 1129 foret,
1199 1072 1432 1121 fi-bonum
1454 1072 1681 1121 charitatis
1704 1073 1858 1137 primo
1879 1071 1998 1126 loco,
2034 1071 2122 1118 hoc
2145 1073 2227 1128 est,

246 1141 473 1190 essentiale
490 1141 615 1196 effet,
650 1143 700 1190 &
726 1153 886 1188 verum
912 1140 1020 1187 fidei
1039 1138 1251 1195 secundo,
1288 1138 1375 1187 hoc
1397 1139 1478 1195 est,
1514 1139 1708 1187 formale
1723 1137 1844 1200 ejus:
1904 1137 2058 1185 Facies
2073 1137 2228 1185 Eccle-

244 1207 462 1256 'fiaeioret
483 1222 610 1263 tunc,
644 1208 753 1255 ficut
777 1206 912 1253 facies
931 1204 1143 1260 Ecclesiae
1161 1206 1401 1268 Antiquae,
1436 1221 1541 1269 quae
1558 1205 1833 1254 incharitate
1853 1204 2052 1266 ponebat
2071 1204 2230 1251 Eccle-
2258 1249 2261 1251 ,

256 1275 382 1330 fiam,
435 1275 484 1321 ὅτ
508 1290 600 1322 non
640 1275 725 1323 alia
749 1270 965 1322 Ecclefiae
1002 1271 1267 1318 doctrinalia
1307 1271 1498 1319 habebat
1514 1288 1656 1336 quam
1694 1270 1916 1319 charitatis
1936 1290 1950 1323 ;
2002 1270 2107 1317 inde
2143 1270 2231 1318 illis

245 1336 520 1403 ‹sapientia'a
544 1340 778 1387 Domino:
812 1337 958 1403 qualis
982 1335 1070 1385 fuit
1092 1337 1165 1386 illa
1190 1335 1710 1394 Ecclefia,.describitur
1725 1338 1793 1383 his
1808 1336 1957 1382 verbis
1971 1336 2093 1400 apud
2113 1338 2229 1384 Mo-

252 1406 327 1454 sen
363 1406 619 1466 “Jehovah
634 1403 944 1454 circumduxit
960 1402 1109 1460 illum,
1146 1403 1358 1452 instruxit
1376 1400 1525 1461 illum,
1560 1403 1805 1452 custodivit
1824 1401 1973 1458 illurn,
2008 1403 2122 1450 ficut
2140 1419 2230 1465 pu-

251 1472 564 1536 pillumoculi
588 1473 654 1520 sui
673 1489 686 1520 ε
738 1473 848 1520 ficut
869 1469 1022 1535 aquila
1042 1468 1213 1518 ’excitat
1234 1469 1402 1518 nidum·
1422 1470 1574 1527 sinim,
1590 1489 1594 1491 ⁸
1609 1472 1740 1533 super
1763 1468 1913 1532 pullis·
1934 1467 2022 1515 suis
2047 1472 2231 1518 motitat

251 1538 313 1596 se,
362 1538 584 1601 expandit
605 1540 694 1585 alas
714 1539 829 1595 suas,
863 1538 1035 1599 accepit
1058 1537 1208 1592 illum,
1244 1537 1448 1599 portavit
1469 1537 1601 1584 illum
1625 1536 1756 1599 super
1778 1535 1846 1582 ala
1867 1533 1973 1580 sua:
2013 1535 2230 1596 Jehovah

245 1603 375 1659 solus
398 1605 532 1652 duxit
557 1603 686 1653 illum
707 1626 721 1659 3
757 1619 839 1652 nec
861 1617 968 1650 cum
992 1602 1072 1649 illo
1095 1603 1224 1648 Deus
1245 1602 1453 1650 alienus:
1481 1603 1686 1665 equitare
1703 1601 1816 1651 fecit
1839 1600 1972 1647 illum
1996 1600 2128 1663 super
2149 1618 2230 1650 ex-

245 1670 375 1724 'celfis
395 1682 540 1727 terrae,
591 1672 641 1719 &
665 1667 832 1718 cibavit
849 1681 1075 1732 proventu
1098 1683 1330 1731 agrorum,
1367 1669 1530 1732 sugere.
1546 1668 1655 1716 fecit
1677 1668 1809 1716 illum
1836 1666 1929 1714 mel
1952 1681 1976 1712 e
2000 1683 2128 1730 rupe,
2181 1670 2231 1716 ὅτ,

257 1737 414 1784 oleum
434 1753 458 1784 e
482 1737 586 1784 saxo
610 1750 778 1800 petrae:
821 1737 1049 1801 =butyrum
1073 1735 1284 1790 armenti,
1330 1736 1381 1782 ὅτ,
1407 1736 1471 1781 lac
1494 1737 1663 1798 gregis,
1697 1731 1802 1781 cum
1828 1732 1963 1795 adipe
1986 1747 2232 1795 agnorum,

253 1804 306 1851 ὅτ
327 1803 522 1850 arietum
545 1803 745 1864 filiorum
765 1800 1016 1854 Baschanis‚
1043 1801 1103 1847 ,ὅτ
1122 1798 1374 1857 hircorum,
1406 1817 1515 1849 cum
1531 1804 1664 1866 adipe
1674 1815 1840 1849 renum
1866 1799 2022 1857 tritici,
2058 1801 2108 1847 &
2131 1801 2230 1847 san-

245 1869 447 1930 guinem
463 1883 571 1916 uvae
587 1869 706 1917 bibi's
730 1864 953 1930 merum³'
975 1863 1120 1931 „Deu't
1134 1883 1144 1912 :
1160 1864 1309 1913 xxxix
1331 1869 1352 1923 ὲ,
1374 1866 1431 1914 ῑο
1448 1868 1509 1914 ad
1530 1885 1590 1926 14·
1605 1869 1630 1914 :²
1644 1876 1784 1930 quare
1801 1863 1878 1928 qui
1896 1866 1953 1921 ab
1976 1865 2050 1914 illa
2070 1867 2233 1915 Eccle-

239 1934 317 1981 ¹fia
340 1932 542 1990 fuerunt,
591 1934 637 1982 in
661 1935 782 1982 coelo
803 1931 926 1990 siint',
974 1928 1103 1980 &in
1122 1932 1254 1980 omni
1265 1931 1340 1979 tibi
1364 1932 1834 1996 felicitate.&tgloria.
1973 1935 1979 1939 “

327 2000 384 2046 62
397 2017 474 2063 70.
514 1999 579 2048 Et
602 2002 638 2049 is
661 2003 831 2057 minor,
882 1999 1010 2062 quod
1046 1999 1269 2060 significet
1290 2000 1466 2057 tametsi
1485 2001 1531 2047 id
1555 2000 1697 2048 altero
1720 2001 1819 2046 loco
1844 1997 1920 2056 fit,
1942 2007 1947 2013 '
1975 1997 2151 2059 constat
2174 2015 2233 2047 ex

256 2065 586 2130 fignificatione
625 2066 812 2116 minoris
836 2078 960 2121 natu,
995 2063 1120 2129 quod
1145 2064 1201 2112 sit
1222 2065 1361 2113 altero
1384 2065 1484 2113 loco
1516 2067 1617 2115 effe.
1631 2073 1643 2110 ζ

326 2132 472 2199 6271.
510 2133 576 2183 Et
605 2133 822 2180 sinistram
863 2129 990 2178 suam
1025 2131 1156 2195 super
1193 2131 1340 2194 capite
1378 2132 1653 2191 Menaschis,
1688 2134 1817 2198 quod
1848 2131 2070 2196 fignificet
2107 2132 2235 2196 quod

254 2197 469 2247 secundo>
490 2201 592 2246 loco
633 2209 858 2262 reputaret
889 2198 1093 2255 bonum,
1125 2197 1300 2246 constat
1333 2214 1392 2245 ex
1428 2201 1756 2263 fignificatione
1793 2202 1976 2248 mittere
2013 2197 2232 2246 sinistram

240 2264 395 2329 suam,
431 2264 564 2328 quod'
597 2264 648 2312 fit
687 2276 893 2328 reputare
935 2263 1129 2313 secundo
1166 2265 1304 2319 loco·‚
1338 2266 1387 2313 δι’
1423 2283 1483 2314 ex
1518 2266 1914 2331 repraesentatione
1955 2264 2232 2320 Menaschis‚

253 2328 392 2395 quod*
408 2330 461 2377 fit
482 2329 813 2387 voluntarium,
847 2331 907 2377 ita
930 2344 1116 2395 quoque
1150 2331 1328 2379 bonum
1351 2331 1574 2383 charitatis
1594 2355 1609 2390 3
1645 2335 1731 2381 hoc
1754 2333 1996 2398 quomodo
2019 2330 2060 2378 se
2085 2331 2235 2388 habet,

257 2393 465 2444 videatur
489 2412 601 2444 mox
623 2397 770 2460 supra,
805 2412 864 2444 n:
902 2396 1067 2458 6269-
1136 2431 1142 2435 »

328 2461 474 2524 6272.
512 2462 778 2518 Converfim
818 2460 940 2509 mifit
967 2478 1123 2511 manus
1146 2462 1257 2519 suas,
1293 2464 1421 2528 quod
1446 2464 1667 2525 fignificet
1692 2466 1751 2513 fic
1774 2481 1865 2513 non
1891 2463 2136 2512 secundum
2161 2478 2235 2511 or-

256 2524 432 2583 dinem,
465 2528 637 2576 constat
660 2544 716 2575 ex
740 2529 1065 2590 significatione
1100 2529 1352 2576 conversim
1390 2533 1567 2577 mittere
1603 2547 1782 2587 manuS,
1828 2532 1949 2595 quo-d
1975 2532 2028 2578 fit
2052 2546 2143 2576 non
2168 2529 2234 2576 se-

257 2592 459 2640 cundum
484 2595 710 2650 ordinem,
747 2595 804 2643 sic
828 2610 951 2642 enim
973 2596 1195 2642 minorem
1215 2609 1323 2642 natu
1357 2594 1464 2643 facit
1486 2596 1866 2661 primogenitum,
1903 2599 1952 2645 δε
1975 2597 2074 2643 vice
2092 2596 2232 2651 versa,

258 2657 587 2722 consequenter
609 2676 764 2708 verum
790 2660 895 2707 fidei
919 2661 1042 2724 prius
1075 2663 1123 2709 ὅτ,
1161 2661 1376 2723 superiu3‚
1412 2663 1461 2709 &
1497 2663 1670 2711 bonum
1695 2664 1916 2711 charitatis
1941 2662 2159 2727 posterius
2183 2663 2233 2709 δε

254 2725 456 2779 inferim,
492 2726 855 2788 primogenitura
871 2729 995 2773 enim
1013 2727 1077 2774 est
1096 2728 1298 2790 prioritas
1316 2731 1364 2775 δε
1383 2728 1683 2790 superioritas',
1709 2747 1761 2778 n:
1786 2747 1808 2792 3
1819 2746 1876 2793 32
1886 2749 1927 2790 5.
1983 2731 2227 2793 Quintum

257 2790 367 2840 mali
391 2792 436 2838 in
459 2792 656 2840 Ecclesia
682 2794 767 2839 hoc
786 2793 1046 2849 introducit,
1083 2794 1315 2841 manifeste
1337 2795 1536 2842 constare
1561 2796 1725 2858 potest,
1762 2814 1864 2844 nam
1893 2811 1971 2858 per
1997 2796 2041 2840 id
2068 2795 2107 2841 se
2132 2796 2237 2841 mit·

252 2868 363 2906 tunt
412 2857 458 2903 in
501 2859 588 2906 tale
628 2858 886 2912 obscurum,
938 2872 990 2906 ut
1025 2875 1112 2905 non
1141 2859 1277 2907 sciant
1299 2860 1410 2924 quid
1435 2861 1629 2918 bonum,
1666 2862 1726 2909 ita
1765 2878 1845 2909 nec
1884 2861 1999 2924 quid
2035 2876 2232 2913 verum,

256 2925 322 2972 est
343 2923 467 2970 enim
493 2925 667 2985 bonum
693 2924 826 2971 instar
850 2925 1054 2972 flammae
1071 2927 1120 2973 &
1143 2941 1304 2973 verum
1326 2926 1456 2973 instar
1479 2927 1587 2974 lucis
1606 2927 1727 2982 inde,
1764 2929 1793 2976 fi
1818 2927 1962 2974 aufers
1982 2926 2234 2978 flammam,

254 2991 395 3039 etiam
432 2991 662 3053 perit‘lux‚
699 2992 748 3038 δι
771 2990 800 3037 fi
825 2990 975 3054 aliqua
998 2991 1078 3037 lux
1101 2996 1328 3054 appareat,
1362 2992 1426 3039 est
1451 2993 1527 3040 illa
1553 2994 1663 3041 ficut
1689 2994 1767 3041 lux
1789 2993 1909 3041 fatua
1933 3009 2040 3056 quae
2063 3008 2156 3040 non
2180 3008 2236 3040 ex

260 3057 480 3111 flamma3
517 3058 622 3105 inde
646 3057 725 3112 est,
763 3057 887 3120 quod
924 3056 1138 3104 Ecclefiae
1175 3060 1291 3105 inter
1318 3057 1359 3104 se
1381 3059 1614 3113 collidant,
1651 3061 1701 3107 &
1741 3062 1919 3120 litigent
1943 3060 1999 3106 de
2024 3075 2151 3115 vero,
2189 3061 2237 3106 δε

260 3137 347 3167 una
380 3124 676 3187 congregatio
710 3123 832 3169 dicat
866 3123 991 3186 quod
1017 3124 1065 3170 id
1089 3139 1246 3170 verum
1274 3118 1346 3179 fit,
1383 3126 1433 3172 &
1458 3126 1542 3172 alia
1566 3126 1693 3189 quod
1730 3127 1774 3172 id
1813 3125 2005 3172 falsum:
2042 3127 2090 3173 &
2116 3128 2240 3189 quod

236 3187 408 3237 'adhuc
423 3188 570 3251 pejus,
620 3200 726 3238 cum
752 3189 888 3238 semel
913 3189 1054 3238 fidem
1079 3190 1221 3256 priori
1247 3190 1350 3303 Ῑοὲ)
1374 3190 1419 3236 in
1447 3192 1661 3241 Ecclefiae
1683 3206 1801 3242 caetu
1826 3191 2089 3257 posuerunt,
2138 3191 2244 3239 inci-

1363 3273 1387 3303 e
1411 3274 1436 3304 e
2068 3270 2246 3309 cmxxiii?
