2606 3646
299 248 609 322 CAPUT
640 247 1492 334 QUADRAGESIMUM
1535 252 2045 338 QUARTUM.
2091 278 2226 344 231

251 392 316 427 n:
346 393 493 443 4592.
516 375 663 440 4963.
691 391 835 441 5249.
861 391 1006 440 5307.
1039 391 1187 440 533¹·
1220 392 1368 441 5332,
1403 376 1467 426 ita
1490 377 1668 426 bonum
1697 377 1947 435 internum,
1983 379 2070 427 hoc
2101 381 2226 430 enim

251 445 379 493 iderh
400 443 465 492 est
483 457 591 490 cum
613 443 784 490 coelesti
819 442 1059 506 spiritualis
1080 464 1096 498 ς
1128 443 1180 492 &
1204 458 1264 490 ex
1287 442 1613 504 significatione
1645 457 1854 493 mortuus
1876 445 1982 501 effe,
2013 446 2142 510 quod
2172 447 2228 494 fit

252 525 346 558 non
365 507 564 572 amplius
583 507 686 565 effe,
721 508 780 555 de
796 524 887 573 qua
911 525 968 555 n:
992 525 1108 573 494.
1174 507 1295 556 Inter
1318 507 1757 572 repraesentationem
1779 510 1986 575 Josephi,
2021 512 2148 574 quod
2173 511 2230 560 sit

250 575 427 624 bonum
459 574 704 630 internum,
738 574 790 623 &
823 573 1265 638 repraesentationem
1304 575 1494 631 IsraeliS,
1525 575 1653 640 quod
1685 576 1740 624 fit
1768 577 1943 624 bonurn
1981 575 2229 638 spirituale,

248 639 351 688 haec
383 639 448 687 est
469 637 759 695 differ-entim
803 639 1029 703 Josephus
1051 639 1115 688 est
1138 639 1313 689 bonurn
1338 640 1566 689 internum
1590 658 1649 690 ex
1672 641 1893 699 rationali,
1938 642 1988 689 δε
2012 642 2141 689 Israel
2164 641 2231 690 est

249 706 428 754 bonum
446 706 673 754 internum
690 721 749 754 ex
763 706 970 762 naturali,
1003 705 1208 754 videatur
1224 722 1253 753 n
1271 722 1283 752 ε
1308 706 1441 763 4286
1457 727 1472 760 ς
1504 722 1615 770 quae
1630 706 1882 756 differentia
1899 707 1980 763 est,
2004 707 2146 770 qualis
2165 709 2241 754 in-‘

241 782 310 820 ter
331 771 509 819 bonurn
530 770 716 820 coeleste
739 773 814 819 seu
837 773 1014 828 bonum
1036 771 1167 836 quod
1189 770 1494 820 estEcclefiae
1516 773 1729 830 coelestis,
1778 774 1828 821 δι
1851 774 2025 820 bonum
2047 772 2235 836 spiritu·'

241 837 312 885 ale
330 836 403 885 seu
421 837 594 884 bonum
612 837 737 902 quod
751 837 817 885 est
836 837 1051 884 Ecclefiae
1069 836 1313 901 spiritualis
1333 858 1348 891 ·,
1381 837 1439 885 de
1455 838 1623 902 quibus
1645 839 1776 886 bonis
1800 838 1962 902 saepius
1986 839 2031 886 in
2055 855 2225 902 praece·

246 903 463 950 dentibus
484 902 640 950 actum
664 902 761 965 estg
805 903 892 950 tale
915 904 1091 958 bonum
1117 901 1365 959 internum,
1400 919 1567 967 nempe
1588 905 1794 963 coeleste,
1829 904 1995 951 dicitur
2017 905 2143 968 quod
2165 905 2229 952 ibi

243 983 339 1020 non
363 969 419 1016 fit
439 988 454 1021 ς
490 968 540 1015 &
565 967 841 1031 significatur
865 983 944 1031 per
962 969 1091 1032 quod
1109 966 1251 1016 frater
1272 967 1367 1033 ejus
1391 982 1590 1018 mortuus
1609 970 1679 1020 fit.
2080 990 2082 992 ·
2245 1010 2249 1013 -

320 1034 464 1096 5806.
501 1033 565 1080 Et
587 1034 764 1081 relietus
787 1034 863 1081 ille
884 1033 1003 1082 solus
1023 1034 1157 1081 matri
1182 1033 1290 1091 suae,
1330 1034 1460 1099 quod
1483 1035 1710 1097 significet
1729 1034 1856 1097 quod
1889 1034 1934 1083 id
1969 1050 2132 1083 verum
2163 1036 2235 1084 so-

246 1099 348 1148 lum
372 1097 605 1156 Ecclcfiae‚
640 1099 807 1147 constat
830 1115 889 1147 ex
912 1099 1283 1164 repaesentatione
1304 1100 1595 1164 Benjarninis‚
1637 1101 1715 1166 qui
1737 1101 1813 1150 hic
1833 1100 1895 1147 est
1921 1101 2000 1165 qui
2029 1101 2146 1156 solus
2170 1117 2237 1148 re·

247 1165 403 1222 fietus,
437 1165 566 1229 quod
590 1164 645 1213 fit
667 1181 828 1212 verum
854 1181 1050 1222 novum,
1089 1165 1148 1212 de
1169 1181 1258 1229 qua
1282 1182 1396 1215 mox
1419 1166 1551 1230 supra
1574 1182 1630 1213 n:
1656 1169 1823 1228 5804;
1857 1168 1908 1215 &
1929 1182 1986 1214 ex
2010 1167 2235 1230 significa-

249 1231 372 1279 tione
406 1231 579 1284 matriS,
622 1232 749 1294 quod
772 1231 825 1279 fit
846 1230 1059 1287 Ecclesia,
1104 1230 1163 1278 de
1184 1247 1277 1295 qua
1298 1247 1356 1280 n:
1382 1237 1491 1297 289.
1521 1232 1667 1297 2691.
1696 1247 1842 1295 2717.
1868 1235 2014 1294 5580.
2105 1233 2230 1282 Cum

251 1297 357 1352 hoc,
390 1297 516 1360 quod
541 1295 590 1343 id
609 1312 787 1353 verum,
823 1298 952 1361 quod
973 1297 1045 1344 hic
1063 1295 1299 1360 Benjamin
1323 1297 1628 1360 repraesentat,
1662 1298 1714 1350 δε
1735 1297 2001 1346 describitur
2023 1298 2154 1361 supra
2175 1316 2201 1347 n
2221 1317 2233 1345 ε

252 1366 400 1425 5804,
435 1362 488 1409 fit
506 1361 652 1409 solum
669 1377 829 1411 verum
850 1362 1090 1418 Ecclesiae,
1119 1362 1249 1409 ita.se
1272 1362 1441 1418 habet;
1476 1364 1564 1412 hoc
1587 1379 1748 1412 verum
1772 1363 1901 1410 estid
1925 1379 2083 1411 verum
2106 1365 2233 1428 quod

248 1444 310 1476 ex
342 1428 467 1475 bono
496 1427 730 1490 spirituali,
763 1427 892 1492 quod
917 1427 1068 1485 Israel,
1103 1428 1153 1475 δε
1173 1427 1297 1492 quod
1322 1428 1610 1492 repraesentat
1631 1427 1866 1491 Benjamin
1882 1444 1987 1476 cum
2004 1430 2126 1493 apud
2150 1445 2234 1493 pa-

249 1505 387 1550 trem,
427 1506 472 1541 at
499 1493 644 1541 adhuc
672 1493 853 1541 interius
865 1508 1028 1542 verum
1044 1509 1152 1541 cum
1165 1494 1288 1558 apud
1307 1494 1566 1558 Josephum
1587 1511 1599 1541 ε
1634 1494 1749 1542 illud
1774 1510 1954 1550 verum,
1968 1495 2101 1559 quod
2118 1495 2235 1544 Ben·

241 1557 391 1623 jamin
412 1558 534 1622 apud
560 1570 737 1622 patrem
772 1558 905 1607 suum
936 1559 1240 1623 repraesentat‚
1285 1560 1339 1608 δε
1372 1573 1558 1610 vocatur
1590 1575 1750 1608 verum
1776 1570 1971 1616 novum,
2015 1559 2081 1607 est
2102 1562 2235 1624 quod

249 1623 396 1672 solum
421 1624 527 1671 facit
551 1624 808 1683 hominem,
843 1637 894 1672 ut
928 1625 984 1673 fit
1007 1624 1222 1682 Ecclefia,
1260 1641 1368 1674 nam
1391 1624 1437 1672 in
1463 1626 1553 1673 hoc
1577 1641 1704 1683 vero,
1741 1625 1814 1673 seu
1837 1625 1885 1673 in
1911 1625 1997 1672 illis
2019 1627 2135 1674 veris
2167 1627 2234 1675 est

247 1691 344 1737 vita
360 1706 392 1749 ¹a
410 1691 554 1746 bono,
580 1690 667 1738 hoc
687 1689 768 1747 est,
802 1691 944 1739 homo
961 1690 1041 1755 qui
1067 1691 1112 1738 in
1135 1691 1249 1739 veris
1271 1691 1377 1740 fidei
1401 1691 1464 1740 est
1486 1707 1546 1740 ex
1568 1691 1709 1748 bono,
1745 1691 1781 1739 is
1802 1691 1866 1738 est
1891 1690 2104 1747 Ecclesia,
2141 1708 2232 1739 non

246 1767 403 1804 autem
419 1755 562 1804 homo
584 1758 664 1820 qui
681 1757 728 1803 in
746 1757 862 1804 veris
887 1756 993 1805 fidei
1016 1756 1099 1814 est,
1135 1757 1186 1805 δε
1209 1772 1302 1806 non
1328 1758 1375 1805 in
1398 1758 1524 1806 bono
1544 1757 1789 1814 charitatis,
1826 1772 1928 1805 vera
1950 1757 2075 1804 enim
2099 1757 2242 1821 apud

247 1822 371 1871 hunc
388 1833 566 1869 mortua
582 1821 703 1879 sunt,
727 1821 903 1870 tametsi
921 1821 1103 1870 fuiffent
1118 1824 1279 1872 eadem
1298 1837 1431 1871 vera:
1457 1823 1561 1870 inde
1578 1822 1777 1872 constare
1794 1822 1958 1888 potest,
1981 1825 2238 1887 quomodo>

249 1887 295 1936 se
312 1887 448 1937 habet
464 1902 573 1935 curn
592 1886 697 1945 hoc,
731 1887 858 1953 quod
882 1887 929 1935 id
948 1903 1107 1937 verum
1129 1889 1272 1937 solum
1293 1889 1510 1937 Ecclefiae
1529 1889 1600 1937 fit.
1762 1902 1765 1904 ’

322 1956 466 2018 5807.
506 1951 572 2000 Et
591 1966 717 2016 pater
739 1951 832 2016 ejus
853 1966 974 2002 amat
992 1953 1138 2010 illum,
1172 1955 1299 2019 quod
1318 1954 1541 2018 fignificet
1563 1954 1688 2019 quod
1709 1951 1974 2018 conjunctio
1987 1954 2027 2002 'ei
2047 1954 2229 2002 [iteum

250 2020 376 2068 bono
393 2018 620 2082 spirituale
637 2034 664 2066 e
679 2019 888 2076 naturali,
918 2020 1091 2068 constat
1107 2035 1166 2068 ex
1184 2020 1511 2082 significatione
1524 2020 1706 2077 amoris,
1728 2019 1853 2084 quod
1874 2019 1927 2065 fit
1949 2017 2233 2082 conjunclim

245 2085 305 2132 de
321 2100 411 2149 qua
428 2084 628 2149 sequitur
646 2106 661 2139 ·‚
683 2086 735 2133 ὅτ
750 2101 777 2133 a
796 2084 1189 2148 repraesentatione
1206 2086 1391 2142 IsraeliS,
1415 2087 1496 2150 qui
1514 2086 1590 2135 hic
1604 2086 1667 2134 est
1683 2087 1762 2149 qui
1788 2098 1911 2133 amat
1935 2085 2082 2142 illum,
2107 2086 2226 2148 quod

249 2151 306 2199 fit
326 2152 503 2198 bonum
529 2150 755 2215 spirituale
776 2166 802 2197 e
824 2152 1028 2208 naturali,
1068 2153 1128 2201 de
1146 2168 1237 2217 qua
1258 2168 1312 2199 n:
1337 2154 1487 2212 4286.
1514 2154 1640 2215 4598
1665 2172 1680 2207 ;
1714 2152 1764 2200 &
1787 2167 1811 2198 a
1835 2150 2231 2215 repraesentatione

243 2214 538 2280 Benjaminis,
571 2216 652 2281 qui
674 2217 736 2264 est
761 2215 836 2264 ille
856 2233 998 2290 quem
1013 2231 1141 2281 pater
1161 2230 1301 2273 amat,
1335 2218 1461 2282 quod
1481 2218 1535 2266 fit
1552 2233 1714 2267 verum
1744 2232 1941 2273 novum,
1976 2216 2034 2263 de
2054 2234 2143 2281 qua
2166 2217 2233 2264 su-‘

250 2297 332 2347 pra
354 2297 414 2330 n:
441 2285 588 2345 5804.
613 2282 741 2343 5806
758 2302 775 2336 ς
809 2282 943 2346 hujus
961 2283 1054 2330 veri
1071 2283 1331 2346 conjunffio
1346 2299 1451 2331 curn
1471 2283 1594 2332 bono
1612 2282 1690 2331 illo
1706 2283 1788 2338 est,
1821 2298 1928 2347 quae
1944 2281 2223 2344 significatur

249 2363 332 2414 per
345 2349 471 2410 quod
487 2361 615 2411 pater
625 2361 743 2397 amat
760 2347 891 2397 illum
913 2366 924 2396 :
957 2365 1062 2397 cum
1087 2349 1174 2397 hoc
1189 2364 1300 2396 vero
1318 2365 1409 2397 non
1429 2350 1575 2413 potest
1590 2365 1680 2398 non
1700 2349 1785 2396 effe
1799 2347 2084 2408 conjunctio,
2119 2351 2230 2412 quia

248 2429 310 2463 ex
345 2414 469 2461 bono
492 2413 571 2461 illo
593 2413 657 2461 est
680 2435 695 2469 ς
729 2415 846 2462 inter
866 2430 1026 2462 verum
1058 2415 1172 2463 illud
1195 2430 1247 2462 ac
1271 2416 1463 2471 bonum,
1500 2417 1599 2464 talis
1621 2412 1685 2462 est
1707 2415 1966 2477 conjunclio
1989 2415 2134 2477 qualis
2159 2416 2226 2460 in-

250 2491 320 2553 ter
341 2491 517 2554 patrea)
541 2479 591 2527 ὅτ
613 2479 795 2534 filium
839 2479 903 2527 est
925 2480 1066 2529 etiam
1090 2481 1192 2529 talis
1213 2479 1490 2545 conjunfflo,
1537 2481 1684 2545 qualis
1709 2482 1824 2527 inter
1848 2481 2014 2527 mentis
2039 2480 2153 2527 velle
2176 2482 2226 2530 δε

248 2543 1531 2668 {25:205‘22552133225vffissfflsstntfifflfflffissiffiz
1555 2545 2229 2667 ιῗέςῖἓῖἓῧεξὲῗ,ωεῖίῗὴέ“ἕέἒζ

249 2688 403 2724 matur
425 2675 672 2722 fecundum
696 2676 806 2724 boni
828 2676 961 2742 quale
986 2689 1111 2734 tunc,
1146 2679 1243 2726 haec
1267 2676 1414 2725 forma
1436 2679 1498 2725 est
1521 2682 1681 2725 vei-um
1701 2697 1715 2730 ·,
1751 2678 1799 2725 &
1823 2678 1933 2740 quia
1957 2692 2115 2724 verum
2143 2677 2230 2724 hoc

249 2757 430 2790 novum
448 2742 512 2788 ita
526 2740 735 2797 nascitur,
760 2754 884 2805 patet
897 2744 1022 2805 quod
1040 2742 1304 2806 conjunctio
1327 2745 1427 2790 erit.
1499 2744 1640 2811 Qod
1662 2743 1887 2790 Amorem
1907 2743 2078 2796 attinet,
2100 2742 2229 2806 quod

250 2808 304 2856 fit
324 2805 600 2868 conjundio,
651 2807 902 2864 (ciendum,
946 2809 1076 2872 quod
1099 2825 1229 2856 amor
1253 2809 1308 2856 fit
1330 2808 1588 2872 conjunctio
1613 2809 1869 2873 spiritualis,
1906 2811 2013 2873 quia
2036 2808 2097 2855 est
2121 2824 2229 2854 con-

240 2872 425 2934 junctio
442 2873 690 2928 mentium,
726 2871 800 2920 seu
823 2871 1108 2936 cogitationis
1131 2875 1181 2922 ὅτ
1204 2874 1451 2922 voluntatis
1465 2877 1665 2925 duorum
1687 2895 1700 2928 ;
1739 2873 1841 2920 inde
1860 2888 1996 2933 patet,
2033 2873 2158 2936 quod
2182 2892 2232 2919 a-

248 2953 353 2986 mor
370 2938 417 2986 in
431 2937 473 2987 se
487 2937 704 3002 spectatus
722 2939 775 2986 fit
789 2954 955 3002 purum
974 2939 1217 3003 spirituale,
1251 2941 1302 2990 δε
1315 2941 1443 3004 quod
1463 2941 1657 2988 naturale
1675 2938 1767 3002 ejus
1788 2938 2098 3002 firjucundum
2122 2954 2236 2987 c0n-·

252 3002 508 3052 sociationis
529 3005 580 3052 δε
601 3002 929 3063 coniunctionis
949 3022 960 3050 :
1007 3006 1135 3068 quod
1167 3003 1398 3053 essentiam
1424 3005 1517 3068 ejus
1540 3006 1714 3060 attinet,
1763 3004 1826 3052 est
1844 3021 1976 3053 arnor
1998 3005 2228 3052 harmoni·

249 3082 362 3116 cum
379 3069 586 3118 resultans
602 3084 659 3115 ex
683 3069 1013 3118 mutationibus
1038 3070 1174 3118 status
1195 3071 1245 3118 δε
1266 3072 1590 3119 variationibus
1614 3072 1655 3121 in
1682 3070 1838 3119 formis
1859 3070 1932 3117 seu
1956 3070 2229 3125 substantiis,

252 3147 315 3179 ex
331 3133 497 3196 quibus
521 3149 645 3182 mens
670 3135 866 3183 humana
889 3136 1117 3191 confistit;
1152 3136 1470 3184 harmonicum
1495 3138 1605 3186 illud
1635 3137 1665 3183 si
1690 3152 1747 3183 ex
1773 3135 1918 3182 forma
1941 3135 2131 3190 coelesti,
2167 3135 2234 3182 est

247 3211 387 3248 nmor
397 3199 630 3258 coelestiss
664 3201 770 3251 inde
794 3201 994 3257 constare
1015 3202 1184 3270 potest,
1218 3204 1346 3269 quod
1368 3218 1499 3253 amor
1520 3203 1701 3255 aliunde
1725 3201 1952 3269 originem
1974 3201 2139 3252 ducere
2163 3218 2239 3249 ne-

2101 3279 2236 3334 queat
