<?xml version="1.0" encoding="UTF-8"?>
<!DOCTYPE html PUBLIC "-//W3C//DTD XHTML 1.0 Transitional//EN"
    "http://www.w3.org/TR/xhtml1/DTD/xhtml1-transitional.dtd">
<html xmlns="http://www.w3.org/1999/xhtml" xml:lang="en" lang="en">
 <head>
  <title>
</title>
<meta http-equiv="Content-Type" content="text/html;charset=utf-8" />
  <meta name='ocr-system' content='tesseract 3.04.00' />
  <meta name='ocr-capabilities' content='ocr_page ocr_carea ocr_par ocr_line ocrx_word'/>
</head>
<body>
  <div class='ocr_page' id='page_1' title='image "arcanacaelestiaq05sweduoft_0270.png"; bbox 0 0 2606 3646; ppageno 0'>
   <div class='ocr_carea' id='block_1_1' title="bbox 354 185 1975 264">
    <p class='ocr_par' dir='ltr' id='par_1_1' title="bbox 354 185 2021 279">
     <span class='ocr_line' id='line_1_1' title="bbox 354 185 1975 264; baseline 0.003 -4"><span class='ocrx_word' id='word_1_1' title='bbox 354 191 511 260; x_wconf 78' lang='lat'>³266</span> <span class='ocrx_word' id='word_1_2' title='bbox 653 190 777 262; x_wconf 83' lang='lat' dir='ltr'>-G</span> <span class='ocrx_word' id='word_1_3' title='bbox 918 187 987 261; x_wconf 92' lang='lat' dir='ltr'><em>E</em></span> <span class='ocrx_word' id='word_1_4' title='bbox 1119 190 1213 264; x_wconf 90' lang='lat' dir='ltr'><em>N</em></span> <span class='ocrx_word' id='word_1_5' title='bbox 1340 189 1411 264; x_wconf 91' lang='lat' dir='ltr'><em>E</em></span> <span class='ocrx_word' id='word_1_6' title='bbox 1528 191 1600 263; x_wconf 73' lang='grc'>,8</span> <span class='ocrx_word' id='word_1_7' title='bbox 1729 185 1814 264; x_wconf 74' lang='grc' dir='ltr'>Ι,</span> <span class='ocrx_word' id='word_1_8' title='bbox 1907 191 1975 264; x_wconf 96' lang='lat' dir='ltr'><em>S</em></span> 
     </span>
    </p>
   </div>
   <div class='ocr_carea' id='block_1_2' title="bbox 278 311 2411 3253">
    <p class='ocr_par' dir='ltr' id='par_1_2' title="bbox 278 311 2374 2718">
     <span class='ocr_line' id='line_1_2' title="bbox 373 311 2353 385; baseline 0.004 -19"><span class='ocrx_word' id='word_1_9' title='bbox 373 316 579 382; x_wconf 76' lang='lat' dir='ltr'>AEgypto‚</span> <span class='ocrx_word' id='word_1_10' title='bbox 615 319 800 384; x_wconf 80' lang='lat' dir='ltr'><em>descende</em></span> <span class='ocrx_word' id='word_1_11' title='bbox 823 319 883 369; x_wconf 83' lang='lat' dir='ltr'>ad</span> <span class='ocrx_word' id='word_1_12' title='bbox 902 337 980 377; x_wconf 84' lang='lat' dir='ltr'>me,</span> <span class='ocrx_word' id='word_1_13' title='bbox 1016 337 1066 369; x_wconf 81' lang='lat' dir='ltr'>ne</span> <span class='ocrx_word' id='word_1_14' title='bbox 1078 322 1288 385; x_wconf 82' lang='lat' dir='ltr'>subfistas.</span> <span class='ocrx_word' id='word_1_15' title='bbox 1345 323 1421 381; x_wconf 61' lang='lat' dir='ltr'>,Et</span> <span class='ocrx_word' id='word_1_16' title='bbox 1453 321 1664 372; x_wconf 83' lang='lat' dir='ltr'><em>habitabis</em></span> <span class='ocrx_word' id='word_1_17' title='bbox 1700 323 1761 381; x_wconf 55' lang='lat' dir='ltr'>in,</span> <span class='ocrx_word' id='word_1_18' title='bbox 1785 328 1907 371; x_wconf 78' lang='lat' dir='ltr'>terra</span> <span class='ocrx_word' id='word_1_19' title='bbox 1931 319 2149 385; x_wconf 16' lang='lat' dir='ltr'>uGosl-hen,</span> <span class='ocrx_word' id='word_1_20' title='bbox 2184 311 2353 375; x_wconf 59' lang='lat' dir='ltr'>&amp;er-1⁶²³</span> 
     </span>
     <span class='ocr_line' id='line_1_3' title="bbox 370 379 2358 457; baseline 0.005 -27"><span class='ocrx_word' id='word_1_21' title='bbox 370 389 628 451; x_wconf 80' lang='lat' dir='ltr'>propinquus</span> <span class='ocrx_word' id='word_1_22' title='bbox 651 387 710 434; x_wconf 87' lang='lat' dir='ltr'>ad</span> <span class='ocrx_word' id='word_1_23' title='bbox 729 405 810 446; x_wconf 86' lang='lat' dir='ltr'>me,</span> <span class='ocrx_word' id='word_1_24' title='bbox 845 398 893 435; x_wconf 87' lang='lat' dir='ltr'>tu</span> <span class='ocrx_word' id='word_1_25' title='bbox 917 379 1076 447; x_wconf 78' lang='lat' dir='ltr'>&amp;filii</span> <span class='ocrx_word' id='word_1_26' title='bbox 1096 391 1176 446; x_wconf 85' lang='lat' dir='ltr'>tui,</span> <span class='ocrx_word' id='word_1_27' title='bbox 1213 389 1269 439; x_wconf 57' lang='grc' dir='ltr'>ξεῖ</span> <span class='ocrx_word' id='word_1_28' title='bbox 1279 387 1370 448; x_wconf 81' lang='lat' dir='ltr'>filii</span> <span class='ocrx_word' id='word_1_29' title='bbox 1380 387 1575 448; x_wconf 85' lang='lat' dir='ltr'>filiorum</span> <span class='ocrx_word' id='word_1_30' title='bbox 1610 399 1796 445; x_wconf 87' lang='lat' dir='ltr'>tuorum,</span> <span class='ocrx_word' id='word_1_31' title='bbox 1833 386 1890 438; x_wconf 56' lang='grc' dir='ltr'>δεῖ</span> <span class='ocrx_word' id='word_1_32' title='bbox 1902 387 2057 457; x_wconf 67' lang='lat' dir='ltr'>greges</span> <span class='ocrx_word' id='word_1_33' title='bbox 2079 390 2162 445; x_wconf 89' lang='lat' dir='ltr'>tui,</span> <span class='ocrx_word' id='word_1_34' title='bbox 2198 386 2255 439; x_wconf 68' lang='lat'>62⁷</span> <span class='ocrx_word' id='word_1_35' title='bbox 2275 397 2358 457; x_wconf 43' lang='lat' dir='ltr'>ar?</span> 
     </span>
     <span class='ocr_line' id='line_1_4' title="bbox 378 448 2359 520; baseline 0.005 -23"><span class='ocrx_word' id='word_1_36' title='bbox 378 463 520 499; x_wconf 78' lang='lat' dir='ltr'>menta</span> <span class='ocrx_word' id='word_1_37' title='bbox 544 466 636 510; x_wconf 84' lang='lat' dir='ltr'>tua,</span> <span class='ocrx_word' id='word_1_38' title='bbox 673 454 729 503; x_wconf 58' lang='grc' dir='ltr'>εἰ</span> <span class='ocrx_word' id='word_1_39' title='bbox 750 470 864 510; x_wconf 78' lang='lat' dir='ltr'>omne</span> <span class='ocrx_word' id='word_1_40' title='bbox 902 454 1007 519; x_wconf 70' lang='lat' dir='ltr'>quod</span> <span class='ocrx_word' id='word_1_41' title='bbox 1027 454 1122 503; x_wconf 87' lang='lat' dir='ltr'>tibi.</span> <span class='ocrx_word' id='word_1_42' title='bbox 1193 456 1256 504; x_wconf 90' lang='lat' dir='ltr'>Et</span> <span class='ocrx_word' id='word_1_43' title='bbox 1279 453 1514 518; x_wconf 84' lang='lat' dir='ltr'>sustentabo</span> <span class='ocrx_word' id='word_1_44' title='bbox 1543 465 1585 503; x_wconf 80' lang='lat' dir='ltr'>te</span> <span class='ocrx_word' id='word_1_45' title='bbox 1619 454 1695 513; x_wconf 83' lang='lat' dir='ltr'>ibi,</span> <span class='ocrx_word' id='word_1_46' title='bbox 1727 458 1827 520; x_wconf 86' lang='lat' dir='ltr'>quia</span> <span class='ocrx_word' id='word_1_47' title='bbox 1860 448 1999 509; x_wconf 78' lang='lat' dir='ltr'>adh&#39;uc</span> <span class='ocrx_word' id='word_1_48' title='bbox 2037 455 2214 519; x_wconf 65' lang='lat' dir='ltr'>quinque</span> <span class='ocrx_word' id='word_1_49' title='bbox 2252 460 2359 508; x_wconf 80' lang='lat' dir='ltr'>anni</span> 
     </span>
     <span class='ocr_line' id='line_1_5' title="bbox 340 518 2359 585; baseline 0.002 -18"><span class='ocrx_word' id='word_1_50' title='bbox 340 518 527 579; x_wconf 50' lang='lat' dir='ltr'>„samin</span> <span class='ocrx_word' id='word_1_51' title='bbox 566 535 616 566; x_wconf 87' lang='lat' dir='ltr'>ne</span> <span class='ocrx_word' id='word_1_52' title='bbox 636 520 760 583; x_wconf 84' lang='lat' dir='ltr'>forte</span> <span class='ocrx_word' id='word_1_53' title='bbox 788 520 1028 581; x_wconf 73' lang='lat' dir='ltr'>exstirperis</span> <span class='ocrx_word' id='word_1_54' title='bbox 1052 531 1099 568; x_wconf 85' lang='lat' dir='ltr'>tu</span> <span class='ocrx_word' id='word_1_55' title='bbox 1124 520 1180 571; x_wconf 75' lang='lat'>&amp;³</span> <span class='ocrx_word' id='word_1_56' title='bbox 1200 520 1344 569; x_wconf 84' lang='lat' dir='ltr'>domus</span> <span class='ocrx_word' id='word_1_57' title='bbox 1366 530 1461 577; x_wconf 86' lang='lat' dir='ltr'>tua,</span> <span class='ocrx_word' id='word_1_58' title='bbox 1498 521 1554 578; x_wconf 62' lang='grc' dir='ltr'>δέ’</span> <span class='ocrx_word' id='word_1_59' title='bbox 1575 537 1693 570; x_wconf 85' lang='lat' dir='ltr'>omne</span> <span class='ocrx_word' id='word_1_60' title='bbox 1729 519 1836 585; x_wconf 74' lang='lat' dir='ltr'>quod</span> <span class='ocrx_word' id='word_1_61' title='bbox 1860 522 1953 570; x_wconf 78' lang='lat' dir='ltr'>tibi.</span> <span class='ocrx_word' id='word_1_62' title='bbox 2006 523 2089 578; x_wconf 69' lang='lat' dir='ltr'>,Et</span> <span class='ocrx_word' id='word_1_63' title='bbox 2122 539 2215 571; x_wconf 80' lang='lat' dir='ltr'>ecce</span> <span class='ocrx_word' id='word_1_64' title='bbox 2247 524 2359 572; x_wconf 79' lang='lat' dir='ltr'>oculi</span> 
     </span>
     <span class='ocr_line' id='line_1_6' title="bbox 377 584 2359 652; baseline 0.004 -22"><span class='ocrx_word' id='word_1_65' title='bbox 377 585 507 644; x_wconf 71' lang='lat' dir='ltr'>vestri</span> <span class='ocrx_word' id='word_1_66' title='bbox 527 586 692 642; x_wconf 83' lang='lat' dir='ltr'>vident,</span> <span class='ocrx_word' id='word_1_67' title='bbox 728 585 784 635; x_wconf 54' lang='grc' dir='ltr'>Εὖ)</span> <span class='ocrx_word' id='word_1_68' title='bbox 807 584 915 634; x_wconf 87' lang='lat' dir='ltr'>oculi</span> <span class='ocrx_word' id='word_1_69' title='bbox 922 588 1091 647; x_wconf 85' lang='lat' dir='ltr'>fratris</span> <span class='ocrx_word' id='word_1_70' title='bbox 1121 586 1205 636; x_wconf 85' lang='lat' dir='ltr'>&#39;mei</span> <span class='ocrx_word' id='word_1_71' title='bbox 1241 587 1520 650; x_wconf 65' lang='lat' dir='ltr'>Betaejaminis,</span> <span class='ocrx_word' id='word_1_72' title='bbox 1555 587 1665 652; x_wconf 80' lang='lat' dir='ltr'>quo&#39;d</span> <span class='ocrx_word' id='word_1_73' title='bbox 1684 588 1755 635; x_wconf 73' lang='lat' dir='ltr'>ore</span> <span class='ocrx_word' id='word_1_74' title='bbox 1777 587 1942 650; x_wconf 73' lang='lat' dir='ltr'>loqueris</span> <span class='ocrx_word' id='word_1_75' title='bbox 1965 587 2029 636; x_wconf 67' lang='lat' dir='ltr'>ad</span> <span class='ocrx_word' id='word_1_76' title='bbox 2043 605 2136 637; x_wconf 86' lang='lat' dir='ltr'>vos.</span> <span class='ocrx_word' id='word_1_77' title='bbox 2206 592 2271 638; x_wconf 89' lang='lat' dir='ltr'>Et</span> <span class='ocrx_word' id='word_1_78' title='bbox 2293 595 2359 638; x_wconf 86' lang='lat' dir='ltr'>in-</span> 
     </span>
     <span class='ocr_line' id='line_1_7' title="bbox 378 650 2356 722; baseline 0.005 -27"><span class='ocrx_word' id='word_1_79' title='bbox 378 650 524 699; x_wconf 81' lang='lat' dir='ltr'><em>dicetis</em></span> <span class='ocrx_word' id='word_1_80' title='bbox 540 655 664 714; x_wconf 85' lang='lat' dir='ltr'>patri</span> <span class='ocrx_word' id='word_1_81' title='bbox 687 669 772 699; x_wconf 80' lang='lat' dir='ltr'>meo</span> <span class='ocrx_word' id='word_1_82' title='bbox 790 669 943 701; x_wconf 84' lang='lat' dir='ltr'>omnem</span> <span class='ocrx_word' id='word_1_83' title='bbox 960 654 1145 716; x_wconf 83' lang='lat' dir='ltr'><em>gloriam</em></span> <span class='ocrx_word' id='word_1_84' title='bbox 1169 670 1302 702; x_wconf 84' lang='lat' dir='ltr'>meam</span> <span class='ocrx_word' id='word_1_85' title='bbox 1316 657 1360 702; x_wconf 87' lang='lat' dir='ltr'>in</span> <span class='ocrx_word' id='word_1_86' title='bbox 1381 654 1583 718; x_wconf 83' lang='lat' dir='ltr'>AEgypto,</span> <span class='ocrx_word' id='word_1_87' title='bbox 1619 653 1676 703; x_wconf 77' lang='lat'>&amp;³</span> <span class='ocrx_word' id='word_1_88' title='bbox 1699 670 1817 702; x_wconf 84' lang='lat' dir='ltr'>omne</span> <span class='ocrx_word' id='word_1_89' title='bbox 1837 652 1946 719; x_wconf 91' lang='lat' dir='ltr'>quod</span> <span class='ocrx_word' id='word_1_90' title='bbox 1962 654 2135 712; x_wconf 83' lang='lat' dir='ltr'>videtis,</span> <span class='ocrx_word' id='word_1_91' title='bbox 2169 656 2225 706; x_wconf 57' lang='grc' dir='ltr'>ὅ</span> <span class='ocrx_word' id='word_1_92' title='bbox 2234 658 2356 722; x_wconf 81' lang='lat' dir='ltr'>festi-</span> 
     </span>
     <span class='ocr_line' id='line_1_8' title="bbox 378 718 2358 788; baseline 0.005 -24"><span class='ocrx_word' id='word_1_93' title='bbox 378 720 500 772; x_wconf 73' lang='lat' dir='ltr'>netis,</span> <span class='ocrx_word' id='word_1_94' title='bbox 537 719 593 766; x_wconf 79' lang='lat'><em>&amp;</em></span> <span class='ocrx_word' id='word_1_95' title='bbox 615 718 851 783; x_wconf 78' lang='lat' dir='ltr'>descendere</span> <span class='ocrx_word' id='word_1_96' title='bbox 862 721 1050 783; x_wconf 81' lang='lat' dir='ltr'>faciatis</span> <span class='ocrx_word' id='word_1_97' title='bbox 1074 732 1247 782; x_wconf 73' lang='lat' dir='ltr'>patrem</span> <span class='ocrx_word' id='word_1_98' title='bbox 1279 720 1417 783; x_wconf 64' lang='lat' dir='ltr'>nteuni</span> <span class='ocrx_word' id='word_1_99' title='bbox 1453 721 1546 770; x_wconf 85' lang='lat' dir='ltr'><em>huc.</em></span> <span class='ocrx_word' id='word_1_100' title='bbox 1617 719 1840 769; x_wconf 85' lang='lat' dir='ltr'>Festinate</span> <span class='ocrx_word' id='word_1_101' title='bbox 1871 722 1921 768; x_wconf 76' lang='grc' dir='ltr'>ὅτ</span> <span class='ocrx_word' id='word_1_102' title='bbox 1953 721 2176 770; x_wconf 85' lang='lat' dir='ltr'>ascendite</span> <span class='ocrx_word' id='word_1_103' title='bbox 2199 723 2255 777; x_wconf 52' lang='lat' dir='ltr'>ad,</span> <span class='ocrx_word' id='word_1_104' title='bbox 2281 723 2358 788; x_wconf 61' lang='lat' dir='ltr'>pa4</span> 
     </span>
     <span class='ocr_line' id='line_1_9' title="bbox 379 786 2360 852; baseline 0.006 -24"><span class='ocrx_word' id='word_1_105' title='bbox 379 797 494 830; x_wconf 82' lang='lat' dir='ltr'>trem</span> <span class='ocrx_word' id='word_1_106' title='bbox 537 801 711 842; x_wconf 85' lang='lat' dir='ltr'>meum,</span> <span class='ocrx_word' id='word_1_107' title='bbox 750 786 974 848; x_wconf 82' lang='lat' dir='ltr'>fignificat</span> <span class='ocrx_word' id='word_1_108' title='bbox 995 786 1050 834; x_wconf 88' lang='lat' dir='ltr'>ad</span> <span class='ocrx_word' id='word_1_109' title='bbox 1076 789 1250 836; x_wconf 85' lang='lat' dir='ltr'>bonum</span> <span class='ocrx_word' id='word_1_110' title='bbox 1291 787 1552 852; x_wconf 87' lang='lat' dir='ltr'>spirituale:</span> <span class='ocrx_word' id='word_1_111' title='bbox 1603 786 1832 835; x_wconf 87' lang='lat' dir='ltr'>&amp;dicatis</span> <span class='ocrx_word' id='word_1_112' title='bbox 1855 787 1911 834; x_wconf 88' lang='lat' dir='ltr'>ad</span> <span class='ocrx_word' id='word_1_113' title='bbox 1938 787 2088 845; x_wconf 88' lang='lat' dir='ltr'>illum,</span> <span class='ocrx_word' id='word_1_114' title='bbox 2140 788 2202 837; x_wconf 86' lang='lat' dir='ltr'>ita</span> <span class='ocrx_word' id='word_1_115' title='bbox 2240 790 2360 852; x_wconf 81' lang='lat' dir='ltr'>dixit</span> 
     </span>
     <span class='ocr_line' id='line_1_10' title="bbox 378 850 2366 927; baseline 0.005 -30"><span class='ocrx_word' id='word_1_116' title='bbox 378 850 500 897; x_wconf 71' lang='lat' dir='ltr'>filius</span> <span class='ocrx_word' id='word_1_117' title='bbox 524 865 626 899; x_wconf 86' lang='lat' dir='ltr'>tuus</span> <span class='ocrx_word' id='word_1_118' title='bbox 649 852 841 916; x_wconf 76' lang='lat' dir='ltr'>joseph,</span> <span class='ocrx_word' id='word_1_119' title='bbox 879 853 1100 916; x_wconf 79' lang='lat' dir='ltr'>fignificat</span> <span class='ocrx_word' id='word_1_120' title='bbox 1135 855 1472 919; x_wconf 83' lang='lat' dir='ltr'>perceptionem</span> <span class='ocrx_word' id='word_1_121' title='bbox 1513 853 1632 902; x_wconf 89' lang='lat' dir='ltr'>illius</span> <span class='ocrx_word' id='word_1_122' title='bbox 1655 855 1713 901; x_wconf 91' lang='lat' dir='ltr'>de</span> <span class='ocrx_word' id='word_1_123' title='bbox 1740 853 1931 903; x_wconf 87' lang='lat' dir='ltr'>Coelesti</span> <span class='ocrx_word' id='word_1_124' title='bbox 1967 854 2185 904; x_wconf 70' lang='lat' dir='ltr'>Interno&#39;t</span> <span class='ocrx_word' id='word_1_125' title='bbox 2218 853 2366 927; x_wconf 80' lang='lat' dir='ltr'>posuit</span> 
     </span>
     <span class='ocr_line' id='line_1_11' title="bbox 380 916 2365 985; baseline 0.005 -23"><span class='ocrx_word' id='word_1_126' title='bbox 380 933 455 963; x_wconf 86' lang='lat' dir='ltr'>me</span> <span class='ocrx_word' id='word_1_127' title='bbox 476 917 602 965; x_wconf 84' lang='lat' dir='ltr'>Deus</span> <span class='ocrx_word' id='word_1_128' title='bbox 625 920 681 966; x_wconf 88' lang='lat' dir='ltr'>ad</span> <span class='ocrx_word' id='word_1_129' title='bbox 706 920 950 968; x_wconf 88' lang='lat' dir='ltr'>dominum</span> <span class='ocrx_word' id='word_1_130' title='bbox 976 923 1101 968; x_wconf 87' lang='lat' dir='ltr'>omni</span> <span class='ocrx_word' id='word_1_131' title='bbox 1128 918 1362 985; x_wconf 76' lang='lat' dir='ltr'>AEgypt&#39;o,</span> <span class='ocrx_word' id='word_1_132' title='bbox 1401 916 1622 984; x_wconf 83' lang='lat' dir='ltr'>fignificat</span> <span class='ocrx_word' id='word_1_133' title='bbox 1643 921 1770 984; x_wconf 86' lang='lat' dir='ltr'>quod</span> <span class='ocrx_word' id='word_1_134' title='bbox 1795 920 2007 984; x_wconf 85' lang='lat' dir='ltr'>disponat</span> <span class='ocrx_word' id='word_1_135' title='bbox 2028 921 2180 969; x_wconf 88' lang='lat' dir='ltr'>omnia</span> <span class='ocrx_word' id='word_1_136' title='bbox 2206 924 2255 970; x_wconf 75' lang='grc' dir='ltr'>δε</span> <span class='ocrx_word' id='word_1_137' title='bbox 2279 924 2365 971; x_wconf 86' lang='lat' dir='ltr'>fin-</span> 
     </span>
     <span class='ocr_line' id='line_1_12' title="bbox 381 984 2365 1054; baseline 0.005 -25"><span class='ocrx_word' id='word_1_138' title='bbox 381 984 490 1044; x_wconf 79' lang='lat' dir='ltr'>gula</span> <span class='ocrx_word' id='word_1_139' title='bbox 515 987 561 1031; x_wconf 89' lang='lat' dir='ltr'>in</span> <span class='ocrx_word' id='word_1_140' title='bbox 587 986 807 1048; x_wconf 87' lang='lat' dir='ltr'>naturali:</span> <span class='ocrx_word' id='word_1_141' title='bbox 860 987 1077 1034; x_wconf 83' lang='lat' dir='ltr'><strong>descende</strong></span> <span class='ocrx_word' id='word_1_142' title='bbox 1116 988 1174 1036; x_wconf 88' lang='lat' dir='ltr'>ad</span> <span class='ocrx_word' id='word_1_143' title='bbox 1214 1005 1309 1045; x_wconf 85' lang='lat' dir='ltr'>me,</span> <span class='ocrx_word' id='word_1_144' title='bbox 1364 1004 1419 1036; x_wconf 88' lang='lat' dir='ltr'>ne</span> <span class='ocrx_word' id='word_1_145' title='bbox 1457 987 1675 1044; x_wconf 80' lang='lat' dir='ltr'>subsistas,</span> <span class='ocrx_word' id='word_1_146' title='bbox 1728 986 1952 1050; x_wconf 78' lang='lat' dir='ltr'>significat</span> <span class='ocrx_word' id='word_1_147' title='bbox 1990 986 2365 1054; x_wconf 72' lang='lat' dir='ltr'>conjunetionem</span> 
     </span>
     <span class='ocr_line' id='line_1_13' title="bbox 382 1053 2364 1116; baseline 0.005 -20"><span class='ocrx_word' id='word_1_148' title='bbox 382 1063 586 1099; x_wconf 84' lang='lat' dir='ltr'>certam:</span> <span class='ocrx_word' id='word_1_149' title='bbox 638 1053 686 1100; x_wconf 75' lang='grc' dir='ltr'>δε</span> <span class='ocrx_word' id='word_1_150' title='bbox 727 1053 948 1100; x_wconf 77' lang='lat' dir='ltr'>habitabis</span> <span class='ocrx_word' id='word_1_151' title='bbox 987 1056 1032 1102; x_wconf 92' lang='lat' dir='ltr'>in</span> <span class='ocrx_word' id='word_1_152' title='bbox 1059 1066 1172 1102; x_wconf 86' lang='lat' dir='ltr'>terra</span> <span class='ocrx_word' id='word_1_153' title='bbox 1213 1054 1441 1115; x_wconf 86' lang='lat' dir='ltr'>Goschen,</span> <span class='ocrx_word' id='word_1_154' title='bbox 1478 1055 1697 1116; x_wconf 81' lang='lat' dir='ltr'>fignificat</span> <span class='ocrx_word' id='word_1_155' title='bbox 1732 1054 1942 1101; x_wconf 77' lang='lat' dir='ltr'>niedium</span> <span class='ocrx_word' id='word_1_156' title='bbox 1966 1054 2011 1100; x_wconf 90' lang='lat' dir='ltr'>in</span> <span class='ocrx_word' id='word_1_157' title='bbox 2035 1054 2277 1105; x_wconf 77' lang='lat' dir='ltr'>Naturali:</span> <span class='ocrx_word' id='word_1_158' title='bbox 2314 1057 2364 1105; x_wconf 75' lang='grc' dir='ltr'>δε</span> 
     </span>
     <span class='ocr_line' id='line_1_14' title="bbox 381 1117 2365 1184; baseline 0.004 -22"><span class='ocrx_word' id='word_1_159' title='bbox 381 1117 465 1164; x_wconf 85' lang='lat' dir='ltr'>eris</span> <span class='ocrx_word' id='word_1_160' title='bbox 501 1120 788 1183; x_wconf 84' lang='lat' dir='ltr'>propinquus</span> <span class='ocrx_word' id='word_1_161' title='bbox 812 1120 868 1167; x_wconf 88' lang='lat' dir='ltr'>ad</span> <span class='ocrx_word' id='word_1_162' title='bbox 894 1136 988 1177; x_wconf 87' lang='lat' dir='ltr'>me,</span> <span class='ocrx_word' id='word_1_163' title='bbox 1018 1121 1246 1183; x_wconf 77' lang='lat' dir='ltr'>fignificat</span> <span class='ocrx_word' id='word_1_164' title='bbox 1274 1119 1646 1184; x_wconf 65' lang='lat' dir='ltr'>conjundtionem</span> <span class='ocrx_word' id='word_1_165' title='bbox 1685 1124 1954 1184; x_wconf 80' lang='lat' dir='ltr'>perpetuam</span> <span class='ocrx_word' id='word_1_166' title='bbox 1976 1137 1986 1166; x_wconf 75' lang='grc' dir='ltr'><strong><em>ε</em></strong></span> <span class='ocrx_word' id='word_1_167' title='bbox 2023 1133 2071 1168; x_wconf 87' lang='lat' dir='ltr'>tu</span> <span class='ocrx_word' id='word_1_168' title='bbox 2093 1121 2143 1169; x_wconf 71' lang='grc' dir='ltr'>ὅτ</span> <span class='ocrx_word' id='word_1_169' title='bbox 2165 1122 2250 1169; x_wconf 87' lang='lat' dir='ltr'>filii</span> <span class='ocrx_word' id='word_1_170' title='bbox 2277 1123 2365 1180; x_wconf 85' lang='lat' dir='ltr'>tui,</span> 
     </span>
     <span class='ocr_line' id='line_1_15' title="bbox 381 1183 2361 1251; baseline 0.003 -21"><span class='ocrx_word' id='word_1_171' title='bbox 381 1185 432 1230; x_wconf 70' lang='grc' dir='ltr'>δε</span> <span class='ocrx_word' id='word_1_172' title='bbox 465 1184 552 1233; x_wconf 84' lang='lat' dir='ltr'>filii</span> <span class='ocrx_word' id='word_1_173' title='bbox 587 1186 790 1244; x_wconf 85' lang='lat' dir='ltr'>filiorum</span> <span class='ocrx_word' id='word_1_174' title='bbox 835 1199 1043 1251; x_wconf 74' lang='lat' dir='ltr'>tuorum,</span> <span class='ocrx_word' id='word_1_175' title='bbox 1073 1188 1296 1251; x_wconf 80' lang='lat' dir='ltr'>significat</span> <span class='ocrx_word' id='word_1_176' title='bbox 1323 1189 1500 1237; x_wconf 90' lang='lat' dir='ltr'>bonum</span> <span class='ocrx_word' id='word_1_177' title='bbox 1541 1186 1793 1250; x_wconf 79' lang='lat' dir='ltr'>spirituale,</span> <span class='ocrx_word' id='word_1_178' title='bbox 1829 1183 1879 1235; x_wconf 84' lang='lat'>&amp;</span> <span class='ocrx_word' id='word_1_179' title='bbox 1900 1185 2062 1235; x_wconf 88' lang='lat' dir='ltr'>omnia</span> <span class='ocrx_word' id='word_1_180' title='bbox 2077 1189 2361 1250; x_wconf 80' lang='lat' dir='ltr'>quaeabillo,</span> 
     </span>
     <span class='ocr_line' id='line_1_16' title="bbox 339 1252 2364 1318; baseline 0.003 -20"><span class='ocrx_word' id='word_1_181' title='bbox 339 1302 345 1311; x_wconf 21' lang='grc' dir='ltr'><em>κ</em></span> <span class='ocrx_word' id='word_1_182' title='bbox 380 1252 430 1298; x_wconf 87' lang='lat'>&amp;</span> <span class='ocrx_word' id='word_1_183' title='bbox 453 1265 562 1314; x_wconf 80' lang='lat' dir='ltr'>quae</span> <span class='ocrx_word' id='word_1_184' title='bbox 585 1253 642 1299; x_wconf 89' lang='lat' dir='ltr'>ab</span> <span class='ocrx_word' id='word_1_185' title='bbox 668 1252 762 1300; x_wconf 85' lang='lat' dir='ltr'>his&#39;:</span> <span class='ocrx_word' id='word_1_186' title='bbox 785 1254 849 1302; x_wconf 40' lang='grc' dir='ltr'>μὅτ</span> <span class='ocrx_word' id='word_1_187' title='bbox 883 1269 1044 1318; x_wconf 82' lang='lat' dir='ltr'>greges</span> <span class='ocrx_word' id='word_1_188' title='bbox 1083 1255 1166 1311; x_wconf 87' lang='lat' dir='ltr'>tui,</span> <span class='ocrx_word' id='word_1_189' title='bbox 1203 1255 1253 1302; x_wconf 85' lang='lat'>&amp;</span> <span class='ocrx_word' id='word_1_190' title='bbox 1271 1265 1475 1315; x_wconf 74' lang='lat' dir='ltr'>armenta⁴</span> <span class='ocrx_word' id='word_1_191' title='bbox 1496 1266 1587 1311; x_wconf 85' lang='lat' dir='ltr'>tua,</span> <span class='ocrx_word' id='word_1_192' title='bbox 1624 1253 1851 1315; x_wconf 79' lang='lat' dir='ltr'>significat</span> <span class='ocrx_word' id='word_1_193' title='bbox 1875 1255 2049 1301; x_wconf 89' lang='lat' dir='ltr'>bonum</span> <span class='ocrx_word' id='word_1_194' title='bbox 2075 1256 2270 1317; x_wconf 86' lang='lat' dir='ltr'>naturale</span> <span class='ocrx_word' id='word_1_195' title='bbox 2295 1255 2364 1310; x_wconf 85' lang='lat' dir='ltr'>in-</span> 
     </span>
     <span class='ocr_line' id='line_1_17' title="bbox 278 1317 2366 1385; baseline 0.004 -22"><span class='ocrx_word' id='word_1_196' title='bbox 278 1376 287 1380; x_wconf 25' lang='lat'><em>*</em></span> <span class='ocrx_word' id='word_1_197' title='bbox 379 1317 520 1364; x_wconf 85' lang='lat' dir='ltr'>terius</span> <span class='ocrx_word' id='word_1_198' title='bbox 543 1320 589 1367; x_wconf 71' lang='grc' dir='ltr'>δε</span> <span class='ocrx_word' id='word_1_199' title='bbox 617 1320 837 1368; x_wconf 87' lang='lat' dir='ltr'>exterius:</span> <span class='ocrx_word' id='word_1_200' title='bbox 875 1321 924 1368; x_wconf 86' lang='lat'>&amp;</span> <span class='ocrx_word' id='word_1_201' title='bbox 947 1323 1085 1371; x_wconf 78' lang='lat' dir='ltr'>oinne</span> <span class='ocrx_word' id='word_1_202' title='bbox 1107 1322 1236 1385; x_wconf 91' lang='lat' dir='ltr'>quod</span> <span class='ocrx_word' id='word_1_203' title='bbox 1262 1321 1363 1378; x_wconf 81' lang='lat' dir='ltr'>tibi,</span> <span class='ocrx_word' id='word_1_204' title='bbox 1398 1321 1620 1385; x_wconf 84' lang='lat' dir='ltr'>fignificat</span> <span class='ocrx_word' id='word_1_205' title='bbox 1653 1319 1875 1384; x_wconf 74' lang='lat' dir='ltr'>quicquId</span> <span class='ocrx_word' id='word_1_206' title='bbox 1899 1321 1956 1368; x_wconf 82' lang='lat' dir='ltr'>ab</span> <span class='ocrx_word' id='word_1_207' title='bbox 1980 1319 2090 1367; x_wconf 90' lang='lat' dir='ltr'>illo:</span> <span class='ocrx_word' id='word_1_208' title='bbox 2127 1321 2178 1369; x_wconf 73' lang='grc' dir='ltr'>δε</span> <span class='ocrx_word' id='word_1_209' title='bbox 2195 1320 2366 1372; x_wconf 79' lang='lat' dir='ltr'>susten-¹</span> 
     </span>
     <span class='ocr_line' id='line_1_18' title="bbox 378 1385 2366 1451; baseline 0.004 -21"><span class='ocrx_word' id='word_1_210' title='bbox 378 1385 490 1430; x_wconf 77' lang='lat' dir='ltr'>tabo</span> <span class='ocrx_word' id='word_1_211' title='bbox 514 1398 556 1432; x_wconf 88' lang='lat' dir='ltr'>te</span> <span class='ocrx_word' id='word_1_212' title='bbox 576 1386 658 1444; x_wconf 88' lang='lat' dir='ltr'>ibi,</span> <span class='ocrx_word' id='word_1_213' title='bbox 698 1386 918 1450; x_wconf 81' lang='lat' dir='ltr'>significat</span> <span class='ocrx_word' id='word_1_214' title='bbox 940 1389 1218 1436; x_wconf 89' lang='lat' dir='ltr'>continuum</span> <span class='ocrx_word' id='word_1_215' title='bbox 1242 1389 1469 1436; x_wconf 86' lang='lat' dir='ltr'>influxum</span> <span class='ocrx_word' id='word_1_216' title='bbox 1488 1388 1600 1436; x_wconf 85' lang='lat' dir='ltr'>vitae</span> <span class='ocrx_word' id='word_1_217' title='bbox 1621 1386 1858 1451; x_wconf 83' lang='lat' dir='ltr'>spiritualis</span> <span class='ocrx_word' id='word_1_218' title='bbox 1880 1403 1906 1433; x_wconf 90' lang='lat' dir='ltr'>a</span> <span class='ocrx_word' id='word_1_219' title='bbox 1931 1385 2116 1436; x_wconf 84' lang='lat' dir='ltr'>Coelesti</span> <span class='ocrx_word' id='word_1_220' title='bbox 2144 1388 2332 1451; x_wconf 82' lang='lat' dir='ltr'>Interno</span> <span class='ocrx_word' id='word_1_221' title='bbox 2352 1407 2366 1438; x_wconf 72' lang='grc' dir='ltr'><strong>ε</strong></span> 
     </span>
     <span class='ocr_line' id='line_1_19' title="bbox 378 1450 2372 1519; baseline 0.004 -22"><span class='ocrx_word' id='word_1_222' title='bbox 378 1450 487 1517; x_wconf 87' lang='lat' dir='ltr'>quia</span> <span class='ocrx_word' id='word_1_223' title='bbox 505 1452 652 1500; x_wconf 86' lang='lat' dir='ltr'>adhuc</span> <span class='ocrx_word' id='word_1_224' title='bbox 675 1455 877 1518; x_wconf 89' lang='lat' dir='ltr'>quinque</span> <span class='ocrx_word' id='word_1_225' title='bbox 898 1456 1005 1502; x_wconf 88' lang='lat' dir='ltr'>anni</span> <span class='ocrx_word' id='word_1_226' title='bbox 1027 1453 1177 1511; x_wconf 87' lang='lat' dir='ltr'>famis,</span> <span class='ocrx_word' id='word_1_227' title='bbox 1211 1454 1746 1519; x_wconf 54' lang='lat' dir='ltr'>significandurationem</span> <span class='ocrx_word' id='word_1_228' title='bbox 1770 1452 1971 1501; x_wconf 60' lang='lat' dir='ltr'>defectus</span> <span class='ocrx_word' id='word_1_229' title='bbox 1988 1452 2127 1502; x_wconf 84' lang='lat' dir='ltr'>boni:</span> <span class='ocrx_word' id='word_1_230' title='bbox 2162 1471 2219 1502; x_wconf 82' lang='lat' dir='ltr'>ne</span> <span class='ocrx_word' id='word_1_231' title='bbox 2252 1453 2372 1505; x_wconf 75' lang='lat' dir='ltr'>forte</span> 
     </span>
     <span class='ocr_line' id='line_1_20' title="bbox 379 1518 2373 1586; baseline 0.003 -21"><span class='ocrx_word' id='word_1_232' title='bbox 379 1518 652 1583; x_wconf 79' lang='lat' dir='ltr'>exstirperiS,</span> <span class='ocrx_word' id='word_1_233' title='bbox 687 1520 907 1583; x_wconf 83' lang='lat' dir='ltr'>fignificat</span> <span class='ocrx_word' id='word_1_234' title='bbox 929 1537 987 1573; x_wconf 86' lang='lat' dir='ltr'>ne</span> <span class='ocrx_word' id='word_1_235' title='bbox 1010 1533 1158 1586; x_wconf 85' lang='lat' dir='ltr'>pereat</span> <span class='ocrx_word' id='word_1_236' title='bbox 1179 1539 1191 1569; x_wconf 73' lang='grc' dir='ltr'><strong><em>ε</em></strong></span> <span class='ocrx_word' id='word_1_237' title='bbox 1227 1533 1278 1570; x_wconf 92' lang='lat' dir='ltr'>tu</span> <span class='ocrx_word' id='word_1_238' title='bbox 1301 1522 1352 1570; x_wconf 87' lang='lat'>&amp;</span> <span class='ocrx_word' id='word_1_239' title='bbox 1369 1520 1538 1577; x_wconf 86' lang='lat' dir='ltr'>domus</span> <span class='ocrx_word' id='word_1_240' title='bbox 1561 1532 1656 1578; x_wconf 80' lang='lat' dir='ltr'>tua,</span> <span class='ocrx_word' id='word_1_241' title='bbox 1690 1520 1740 1567; x_wconf 87' lang='lat'>&amp;</span> <span class='ocrx_word' id='word_1_242' title='bbox 1763 1525 1903 1568; x_wconf 88' lang='lat' dir='ltr'>omne</span> <span class='ocrx_word' id='word_1_243' title='bbox 1925 1519 2052 1585; x_wconf 88' lang='lat' dir='ltr'>quod</span> <span class='ocrx_word' id='word_1_244' title='bbox 2076 1520 2174 1577; x_wconf 89' lang='lat' dir='ltr'>tibi,</span> <span class='ocrx_word' id='word_1_245' title='bbox 2199 1522 2373 1584; x_wconf 83' lang='lat' dir='ltr'>fignifi-</span> 
     </span>
     <span class='ocr_line' id='line_1_21' title="bbox 379 1577 2368 1652; baseline 0.004 -20"><span class='ocrx_word' id='word_1_246' title='bbox 379 1598 452 1632; x_wconf 85' lang='lat' dir='ltr'>cat</span> <span class='ocrx_word' id='word_1_247' title='bbox 488 1589 662 1634; x_wconf 87' lang='lat' dir='ltr'>bonum</span> <span class='ocrx_word' id='word_1_248' title='bbox 688 1587 915 1652; x_wconf 77' lang='lat' dir='ltr'>spirituale</span> <span class='ocrx_word' id='word_1_249' title='bbox 947 1589 994 1636; x_wconf 77' lang='grc' dir='ltr'>δε</span> <span class='ocrx_word' id='word_1_250' title='bbox 1037 1592 1176 1636; x_wconf 85' lang='lat' dir='ltr'>omne</span> <span class='ocrx_word' id='word_1_251' title='bbox 1207 1587 1328 1636; x_wconf 89' lang='lat' dir='ltr'>illius</span> <span class='ocrx_word' id='word_1_252' title='bbox 1348 1577 1446 1642; x_wconf 61' lang='lat' dir='ltr'>:Bc</span> <span class='ocrx_word' id='word_1_253' title='bbox 1474 1585 1581 1637; x_wconf 83' lang='lat' dir='ltr'>ecce</span> <span class='ocrx_word' id='word_1_254' title='bbox 1610 1586 1732 1648; x_wconf 71' lang='lat' dir='ltr'>oculi</span> <span class='ocrx_word' id='word_1_255' title='bbox 1755 1584 1889 1635; x_wconf 68' lang='lat' dir='ltr'>vestri</span> <span class='ocrx_word' id='word_1_256' title='bbox 1926 1587 2104 1642; x_wconf 89' lang='lat' dir='ltr'>vident,</span> <span class='ocrx_word' id='word_1_257' title='bbox 2141 1588 2368 1652; x_wconf 83' lang='lat' dir='ltr'>fignificat</span> 
     </span>
     <span class='ocr_line' id='line_1_22' title="bbox 384 1650 2370 1720; baseline 0.002 -20"><span class='ocrx_word' id='word_1_258' title='bbox 384 1651 750 1702; x_wconf 78' lang='lat' dir='ltr'>testificationem</span> <span class='ocrx_word' id='word_1_259' title='bbox 774 1662 832 1702; x_wconf 87' lang='lat' dir='ltr'>ex</span> <span class='ocrx_word' id='word_1_260' title='bbox 854 1655 1148 1719; x_wconf 82' lang='lat' dir='ltr'>perceptione</span> <span class='ocrx_word' id='word_1_261' title='bbox 1168 1671 1178 1701; x_wconf 72' lang='grc' dir='ltr'>ε</span> <span class='ocrx_word' id='word_1_262' title='bbox 1215 1655 1265 1702; x_wconf 88' lang='lat'>&amp;</span> <span class='ocrx_word' id='word_1_263' title='bbox 1280 1653 1398 1703; x_wconf 88' lang='lat' dir='ltr'>oculi</span> <span class='ocrx_word' id='word_1_264' title='bbox 1416 1653 1561 1702; x_wconf 76' lang='lat' dir='ltr'>{ratris</span> <span class='ocrx_word' id='word_1_265' title='bbox 1585 1655 1679 1702; x_wconf 83' lang='lat' dir='ltr'>mei</span> <span class='ocrx_word' id='word_1_266' title='bbox 1699 1650 1960 1716; x_wconf 84' lang='lat' dir='ltr'>Benjamin‚</span> <span class='ocrx_word' id='word_1_267' title='bbox 1983 1652 2207 1716; x_wconf 83' lang='lat' dir='ltr'>fignificat</span> <span class='ocrx_word' id='word_1_268' title='bbox 2223 1671 2249 1703; x_wconf 89' lang='lat' dir='ltr'>a</span> <span class='ocrx_word' id='word_1_269' title='bbox 2267 1671 2370 1720; x_wconf 83' lang='lat' dir='ltr'>per-</span> 
     </span>
     <span class='ocr_line' id='line_1_23' title="bbox 382 1717 2367 1787; baseline 0.001 -20"><span class='ocrx_word' id='word_1_270' title='bbox 382 1721 596 1783; x_wconf 84' lang='lat' dir='ltr'>ceptione</span> <span class='ocrx_word' id='word_1_271' title='bbox 631 1720 817 1768; x_wconf 86' lang='lat' dir='ltr'>Medii:</span> <span class='ocrx_word' id='word_1_272' title='bbox 854 1721 983 1787; x_wconf 92' lang='lat' dir='ltr'>quod</span> <span class='ocrx_word' id='word_1_273' title='bbox 1021 1737 1100 1768; x_wconf 92' lang='lat' dir='ltr'>ore</span> <span class='ocrx_word' id='word_1_274' title='bbox 1142 1721 1334 1785; x_wconf 86' lang='lat' dir='ltr'>loquens</span> <span class='ocrx_word' id='word_1_275' title='bbox 1357 1720 1413 1768; x_wconf 91' lang='lat' dir='ltr'>ad</span> <span class='ocrx_word' id='word_1_276' title='bbox 1438 1736 1536 1777; x_wconf 89' lang='lat' dir='ltr'>vos,</span> <span class='ocrx_word' id='word_1_277' title='bbox 1571 1719 1794 1782; x_wconf 87' lang='lat' dir='ltr'>fignificat</span> <span class='ocrx_word' id='word_1_278' title='bbox 1833 1717 2276 1771; x_wconf 80' lang='lat' dir='ltr'>manifestationem:</span> <span class='ocrx_word' id='word_1_279' title='bbox 2313 1724 2367 1773; x_wconf 83' lang='lat'>&amp;</span> 
     </span>
     <span class='ocr_line' id='line_1_24' title="bbox 349 1785 2369 1852; baseline 0.001 -17"><span class='ocrx_word' id='word_1_280' title='bbox 349 1800 352 1804; x_wconf 75' lang='grc'>’</span> <span class='ocrx_word' id='word_1_281' title='bbox 384 1787 593 1836; x_wconf 69' lang='lat' dir='ltr'>indicetis</span> <span class='ocrx_word' id='word_1_282' title='bbox 616 1787 731 1852; x_wconf 87' lang='lat' dir='ltr'>patri</span> <span class='ocrx_word' id='word_1_283' title='bbox 757 1804 862 1835; x_wconf 88' lang='lat' dir='ltr'>meo</span> <span class='ocrx_word' id='word_1_284' title='bbox 886 1802 1075 1836; x_wconf 89' lang='lat' dir='ltr'>omnem</span> <span class='ocrx_word' id='word_1_285' title='bbox 1100 1787 1294 1850; x_wconf 85' lang='lat' dir='ltr'>gloriam</span> <span class='ocrx_word' id='word_1_286' title='bbox 1337 1803 1489 1837; x_wconf 87' lang='lat' dir='ltr'>meam</span> <span class='ocrx_word' id='word_1_287' title='bbox 1524 1787 1573 1835; x_wconf 90' lang='lat' dir='ltr'>in</span> <span class='ocrx_word' id='word_1_288' title='bbox 1598 1785 1834 1850; x_wconf 86' lang='lat' dir='ltr'>AEgypto,</span> <span class='ocrx_word' id='word_1_289' title='bbox 1869 1785 2096 1849; x_wconf 87' lang='lat' dir='ltr'>fignificat</span> <span class='ocrx_word' id='word_1_290' title='bbox 2109 1788 2369 1837; x_wconf 82' lang='lat' dir='ltr'>communi-</span> 
     </span>
     <span class='ocr_line' id='line_1_25' title="bbox 382 1851 2371 1918; baseline 0.002 -19"><span class='ocrx_word' id='word_1_291' title='bbox 382 1855 612 1903; x_wconf 80' lang='lat' dir='ltr'>cationem</span> <span class='ocrx_word' id='word_1_292' title='bbox 635 1853 745 1902; x_wconf 85' lang='lat' dir='ltr'>coeli</span> <span class='ocrx_word' id='word_1_293' title='bbox 767 1854 1006 1918; x_wconf 86' lang='lat' dir='ltr'>spiritualis</span> <span class='ocrx_word' id='word_1_294' title='bbox 1031 1853 1075 1901; x_wconf 92' lang='lat' dir='ltr'>in</span> <span class='ocrx_word' id='word_1_295' title='bbox 1102 1854 1294 1902; x_wconf 89' lang='lat' dir='ltr'>naturali</span> <span class='ocrx_word' id='word_1_296' title='bbox 1317 1870 1424 1903; x_wconf 88' lang='lat' dir='ltr'>cum</span> <span class='ocrx_word' id='word_1_297' title='bbox 1449 1855 1574 1903; x_wconf 91' lang='lat' dir='ltr'>bono</span> <span class='ocrx_word' id='word_1_298' title='bbox 1607 1851 1860 1917; x_wconf 71' lang='lat' dir='ltr'>spirituali:</span> <span class='ocrx_word' id='word_1_299' title='bbox 1896 1854 1947 1901; x_wconf 77' lang='grc' dir='ltr'>δι’</span> <span class='ocrx_word' id='word_1_300' title='bbox 1970 1867 2109 1901; x_wconf 87' lang='lat' dir='ltr'>omne</span> <span class='ocrx_word' id='word_1_301' title='bbox 2140 1853 2267 1918; x_wconf 89' lang='lat' dir='ltr'>quod</span> <span class='ocrx_word' id='word_1_302' title='bbox 2301 1855 2371 1903; x_wconf 90' lang='lat' dir='ltr'>vi-</span> 
     </span>
     <span class='ocr_line' id='line_1_26' title="bbox 385 1918 2372 1986; baseline 0.002 -17"><span class='ocrx_word' id='word_1_303' title='bbox 385 1922 521 1978; x_wconf 57' lang='lat' dir='ltr'>detis»,</span> <span class='ocrx_word' id='word_1_304' title='bbox 559 1921 781 1986; x_wconf 84' lang='lat' dir='ltr'>significat</span> <span class='ocrx_word' id='word_1_305' title='bbox 804 1920 1023 1986; x_wconf 69' lang='lat' dir='ltr'>quicquid</span> <span class='ocrx_word' id='word_1_306' title='bbox 1051 1919 1114 1968; x_wconf 90' lang='lat' dir='ltr'>ibi</span> <span class='ocrx_word' id='word_1_307' title='bbox 1138 1933 1471 1986; x_wconf 87' lang='lat' dir='ltr'>apperceptum</span> <span class='ocrx_word' id='word_1_308' title='bbox 1494 1921 1545 1968; x_wconf 88' lang='lat'>&amp;</span> <span class='ocrx_word' id='word_1_309' title='bbox 1563 1933 1833 1984; x_wconf 88' lang='lat' dir='ltr'>perceptum</span> <span class='ocrx_word' id='word_1_310' title='bbox 1858 1937 1870 1967; x_wconf 73' lang='grc' dir='ltr'>ε</span> <span class='ocrx_word' id='word_1_311' title='bbox 1906 1921 1956 1968; x_wconf 89' lang='lat'>&amp;</span> <span class='ocrx_word' id='word_1_312' title='bbox 1981 1918 2201 1968; x_wconf 83' lang='lat' dir='ltr'>festinetis</span> <span class='ocrx_word' id='word_1_313' title='bbox 2219 1921 2268 1971; x_wconf 87' lang='lat'>&amp;</span> <span class='ocrx_word' id='word_1_314' title='bbox 2291 1921 2372 1973; x_wconf 80' lang='lat' dir='ltr'>de-</span> 
     </span>
     <span class='ocr_line' id='line_1_27' title="bbox 380 1979 2374 2061; baseline -0.001 -25"><span class='ocrx_word' id='word_1_315' title='bbox 380 1988 596 2037; x_wconf 84' lang='lat' dir='ltr'>scendere</span> <span class='ocrx_word' id='word_1_316' title='bbox 617 1987 789 2035; x_wconf 88' lang='lat' dir='ltr'>faciatis</span> <span class='ocrx_word' id='word_1_317' title='bbox 818 2000 996 2051; x_wconf 87' lang='lat' dir='ltr'>patrem</span> <span class='ocrx_word' id='word_1_318' title='bbox 1022 2002 1179 2036; x_wconf 90' lang='lat' dir='ltr'>meum</span> <span class='ocrx_word' id='word_1_319' title='bbox 1204 1988 1314 2046; x_wconf 89' lang='lat' dir='ltr'>huc,</span> <span class='ocrx_word' id='word_1_320' title='bbox 1351 1987 1572 2050; x_wconf 88' lang='lat' dir='ltr'>fignificat</span> <span class='ocrx_word' id='word_1_321' title='bbox 1599 1985 1977 2061; x_wconf 55' lang='lat' dir='ltr'>eonjunffionem</span> <span class='ocrx_word' id='word_1_322' title='bbox 2000 1985 2184 2035; x_wconf 63' lang='lat' dir='ltr'>aretam.</span> <span class='ocrx_word' id='word_1_323' title='bbox 2220 2032 2222 2035; x_wconf 78' lang='grc'>,</span> <span class='ocrx_word' id='word_1_324' title='bbox 2363 1979 2374 1989; x_wconf 69' lang='lat'><strong>⁴</strong></span> 
     </span>
     <span class='ocr_line' id='line_1_28' title="bbox 455 2052 2371 2120; baseline 0.001 -17"><span class='ocrx_word' id='word_1_325' title='bbox 455 2055 602 2117; x_wconf 82' lang='lat'><strong>5906.</strong></span> <span class='ocrx_word' id='word_1_326' title='bbox 641 2054 680 2102; x_wconf 93' lang='lat' dir='ltr'>F</span> <span class='ocrx_word' id='word_1_327' title='bbox 682 2053 866 2103; x_wconf 88' lang='lat' dir='ltr'>estinate</span> <span class='ocrx_word' id='word_1_328' title='bbox 890 2055 940 2103; x_wconf 87' lang='lat'>&amp;</span> <span class='ocrx_word' id='word_1_329' title='bbox 964 2053 1186 2107; x_wconf 78' lang='lat' dir='ltr'>ascendite</span> <span class='ocrx_word' id='word_1_330' title='bbox 1208 2056 1265 2104; x_wconf 92' lang='lat' dir='ltr'>ad</span> <span class='ocrx_word' id='word_1_331' title='bbox 1289 2066 1466 2120; x_wconf 87' lang='lat' dir='ltr'>patrem</span> <span class='ocrx_word' id='word_1_332' title='bbox 1491 2058 1670 2112; x_wconf 74' lang='lat' dir='ltr'>meum,</span> <span class='ocrx_word' id='word_1_333' title='bbox 1705 2052 1832 2119; x_wconf 84' lang='lat' dir='ltr'>quod</span> <span class='ocrx_word' id='word_1_334' title='bbox 1864 2052 2087 2118; x_wconf 73' lang='lat' dir='ltr'>significet</span> <span class='ocrx_word' id='word_1_335' title='bbox 2109 2054 2165 2101; x_wconf 91' lang='lat' dir='ltr'>ad</span> <span class='ocrx_word' id='word_1_336' title='bbox 2190 2052 2371 2104; x_wconf 87' lang='lat' dir='ltr'>bonum</span> 
     </span>
     <span class='ocr_line' id='line_1_29' title="bbox 386 2118 2370 2187; baseline 0.001 -17"><span class='ocrx_word' id='word_1_337' title='bbox 386 2122 635 2187; x_wconf 78' lang='lat' dir='ltr'>spirituale,</span> <span class='ocrx_word' id='word_1_338' title='bbox 671 2119 843 2185; x_wconf 75' lang='lat' dir='ltr'>constat</span> <span class='ocrx_word' id='word_1_339' title='bbox 866 2137 924 2169; x_wconf 86' lang='lat' dir='ltr'>ex</span> <span class='ocrx_word' id='word_1_340' title='bbox 948 2120 1338 2184; x_wconf 80' lang='lat' dir='ltr'>repraesentatione</span> <span class='ocrx_word' id='word_1_341' title='bbox 1361 2118 1546 2185; x_wconf 83' lang='lat' dir='ltr'>Israelis,</span> <span class='ocrx_word' id='word_1_342' title='bbox 1582 2121 1663 2186; x_wconf 91' lang='lat' dir='ltr'>qui</span> <span class='ocrx_word' id='word_1_343' title='bbox 1697 2120 1774 2168; x_wconf 87' lang='lat' dir='ltr'>hic</span> <span class='ocrx_word' id='word_1_344' title='bbox 1792 2118 1859 2173; x_wconf 77' lang='lat' dir='ltr'>est</span> <span class='ocrx_word' id='word_1_345' title='bbox 1882 2132 2026 2184; x_wconf 82' lang='lat' dir='ltr'>pater,</span> <span class='ocrx_word' id='word_1_346' title='bbox 2061 2120 2186 2185; x_wconf 85' lang='lat' dir='ltr'>quod</span> <span class='ocrx_word' id='word_1_347' title='bbox 2210 2119 2265 2167; x_wconf 87' lang='lat' dir='ltr'>fit</span> <span class='ocrx_word' id='word_1_348' title='bbox 2285 2123 2370 2171; x_wconf 69' lang='lat' dir='ltr'>bo&#39;-</span> 
     </span>
     <span class='ocr_line' id='line_1_30' title="bbox 387 2186 2370 2253; baseline 0 -15"><span class='ocrx_word' id='word_1_349' title='bbox 387 2206 501 2238; x_wconf 89' lang='lat' dir='ltr'>num</span> <span class='ocrx_word' id='word_1_350' title='bbox 538 2187 757 2253; x_wconf 84' lang='lat' dir='ltr'>spirituale</span> <span class='ocrx_word' id='word_1_351' title='bbox 781 2204 806 2235; x_wconf 90' lang='lat' dir='ltr'>e</span> <span class='ocrx_word' id='word_1_352' title='bbox 832 2189 1040 2243; x_wconf 88' lang='lat' dir='ltr'>naturali,</span> <span class='ocrx_word' id='word_1_353' title='bbox 1074 2187 1132 2235; x_wconf 90' lang='lat' dir='ltr'>de</span> <span class='ocrx_word' id='word_1_354' title='bbox 1150 2203 1241 2252; x_wconf 87' lang='lat' dir='ltr'>qua</span> <span class='ocrx_word' id='word_1_355' title='bbox 1260 2204 1316 2236; x_wconf 92' lang='lat' dir='ltr'>n:</span> <span class='ocrx_word' id='word_1_356' title='bbox 1342 2190 1488 2250; x_wconf 71' lang='lat'>5801·</span> <span class='ocrx_word' id='word_1_357' title='bbox 1523 2189 1669 2251; x_wconf 85' lang='lat'><strong>5803.</strong></span> <span class='ocrx_word' id='word_1_358' title='bbox 1702 2186 1845 2249; x_wconf 88' lang='lat'>5806.</span> <span class='ocrx_word' id='word_1_359' title='bbox 1871 2188 2018 2247; x_wconf 84' lang='lat'><strong>5812.</strong></span> <span class='ocrx_word' id='word_1_360' title='bbox 2044 2190 2190 2250; x_wconf 87' lang='lat'><strong><em>5817.</em></strong></span> <span class='ocrx_word' id='word_1_361' title='bbox 2219 2190 2370 2253; x_wconf 83' lang='lat'>5819.</span> 
     </span>
     <span class='ocr_line' id='line_1_31' title="bbox 390 2252 2372 2319; baseline -0.001 -13"><span class='ocrx_word' id='word_1_362' title='bbox 390 2256 537 2319; x_wconf 82' lang='lat'><em>5825.</em></span> <span class='ocrx_word' id='word_1_363' title='bbox 565 2259 623 2316; x_wconf 87' lang='lat'>58</span> <span class='ocrx_word' id='word_1_364' title='bbox 632 2271 658 2318; x_wconf 84' lang='lat'>3</span> <span class='ocrx_word' id='word_1_365' title='bbox 667 2272 714 2318; x_wconf 68' lang='lat'>3·-</span> <span class='ocrx_word' id='word_1_366' title='bbox 781 2254 927 2319; x_wconf 76' lang='lat' dir='ltr'>Qiod</span> <span class='ocrx_word' id='word_1_367' title='bbox 952 2255 1131 2301; x_wconf 88' lang='lat' dir='ltr'>Bonum</span> <span class='ocrx_word' id='word_1_368' title='bbox 1156 2254 1384 2317; x_wconf 85' lang='lat' dir='ltr'>spirituale</span> <span class='ocrx_word' id='word_1_369' title='bbox 1407 2255 1462 2302; x_wconf 89' lang='lat' dir='ltr'>fit</span> <span class='ocrx_word' id='word_1_370' title='bbox 1483 2266 1611 2317; x_wconf 88' lang='lat' dir='ltr'>pater</span> <span class='ocrx_word' id='word_1_371' title='bbox 1634 2252 1843 2301; x_wconf 87' lang='lat' dir='ltr'>Coelestis</span> <span class='ocrx_word' id='word_1_372' title='bbox 1866 2253 2053 2311; x_wconf 90' lang='lat' dir='ltr'>Interni‚</span> <span class='ocrx_word' id='word_1_373' title='bbox 2090 2269 2198 2302; x_wconf 87' lang='lat' dir='ltr'>cum</span> <span class='ocrx_word' id='word_1_374' title='bbox 2218 2265 2372 2305; x_wconf 86' lang='lat' dir='ltr'>tamen</span> 
     </span>
     <span class='ocr_line' id='line_1_32' title="bbox 386 2318 2371 2385; baseline -0.001 -13"><span class='ocrx_word' id='word_1_375' title='bbox 386 2325 568 2372; x_wconf 89' lang='lat' dir='ltr'>Bonum</span> <span class='ocrx_word' id='word_1_376' title='bbox 595 2321 818 2385; x_wconf 86' lang='lat' dir='ltr'>spirituale</span> <span class='ocrx_word' id='word_1_377' title='bbox 841 2321 904 2368; x_wconf 90' lang='lat' dir='ltr'>est</span> <span class='ocrx_word' id='word_1_378' title='bbox 930 2319 1191 2368; x_wconf 84' lang='lat' dir='ltr'>Externum</span> <span class='ocrx_word' id='word_1_379' title='bbox 1210 2320 1473 2385; x_wconf 68' lang='lat' dir='ltr'>respestive,</span> <span class='ocrx_word' id='word_1_380' title='bbox 1509 2322 1615 2384; x_wconf 89' lang='lat' dir='ltr'>quia</span> <span class='ocrx_word' id='word_1_381' title='bbox 1631 2336 1656 2368; x_wconf 92' lang='lat' dir='ltr'>e</span> <span class='ocrx_word' id='word_1_382' title='bbox 1679 2319 1886 2376; x_wconf 87' lang='lat' dir='ltr'>naturali,</span> <span class='ocrx_word' id='word_1_383' title='bbox 1922 2318 1985 2367; x_wconf 90' lang='lat' dir='ltr'>est</span> <span class='ocrx_word' id='word_1_384' title='bbox 2002 2319 2126 2376; x_wconf 82' lang='lat' dir='ltr'>inde,</span> <span class='ocrx_word' id='word_1_385' title='bbox 2153 2322 2371 2384; x_wconf 88' lang='lat' dir='ltr'>quoniam</span> 
     </span>
     <span class='ocr_line' id='line_1_33' title="bbox 387 2386 2371 2452; baseline -0.002 -13"><span class='ocrx_word' id='word_1_386' title='bbox 387 2392 547 2445; x_wconf 87' lang='lat' dir='ltr'>homo,</span> <span class='ocrx_word' id='word_1_387' title='bbox 567 2401 809 2452; x_wconf 86' lang='lat' dir='ltr'>antequam</span> <span class='ocrx_word' id='word_1_388' title='bbox 822 2388 1028 2435; x_wconf 89' lang='lat' dir='ltr'>Internus</span> <span class='ocrx_word' id='word_1_389' title='bbox 1047 2387 1195 2434; x_wconf 87' lang='lat' dir='ltr'>homo</span> <span class='ocrx_word' id='word_1_390' title='bbox 1207 2386 1376 2443; x_wconf 78' lang='lat' dir='ltr'>existit,</span> <span class='ocrx_word' id='word_1_391' title='bbox 1396 2388 1480 2435; x_wconf 88' lang='lat' dir='ltr'>erit</span> <span class='ocrx_word' id='word_1_392' title='bbox 1497 2386 1742 2444; x_wconf 82' lang='lat' dir='ltr'>Externus‚</span> <span class='ocrx_word' id='word_1_393' title='bbox 1778 2387 2023 2451; x_wconf 80' lang='lat' dir='ltr'>progreffio</span> <span class='ocrx_word' id='word_1_394' title='bbox 2037 2386 2160 2434; x_wconf 88' lang='lat' dir='ltr'>enirn</span> <span class='ocrx_word' id='word_1_395' title='bbox 2177 2387 2230 2435; x_wconf 89' lang='lat' dir='ltr'>fit</span> <span class='ocrx_word' id='word_1_396' title='bbox 2247 2389 2371 2438; x_wconf 89' lang='lat' dir='ltr'>ordi-</span> 
     </span>
     <span class='ocr_line' id='line_1_34' title="bbox 388 2452 2370 2511; baseline 0 -7"><span class='ocrx_word' id='word_1_397' title='bbox 388 2473 445 2504; x_wconf 88' lang='lat' dir='ltr'>ne</span> <span class='ocrx_word' id='word_1_398' title='bbox 459 2458 517 2503; x_wconf 92' lang='lat' dir='ltr'>ab</span> <span class='ocrx_word' id='word_1_399' title='bbox 539 2455 840 2502; x_wconf 85' lang='lat' dir='ltr'>exterioribus</span> <span class='ocrx_word' id='word_1_400' title='bbox 863 2454 916 2501; x_wconf 86' lang='lat' dir='ltr'>ad</span> <span class='ocrx_word' id='word_1_401' title='bbox 935 2454 1165 2510; x_wconf 84' lang='lat' dir='ltr'>interiora,</span> <span class='ocrx_word' id='word_1_402' title='bbox 1185 2465 1239 2501; x_wconf 91' lang='lat' dir='ltr'>ut</span> <span class='ocrx_word' id='word_1_403' title='bbox 1263 2470 1288 2501; x_wconf 90' lang='lat' dir='ltr'>a</span> <span class='ocrx_word' id='word_1_404' title='bbox 1309 2452 1562 2503; x_wconf 89' lang='lat' dir='ltr'>scientificis</span> <span class='ocrx_word' id='word_1_405' title='bbox 1577 2453 1632 2500; x_wconf 92' lang='lat' dir='ltr'>ad</span> <span class='ocrx_word' id='word_1_406' title='bbox 1651 2452 1990 2511; x_wconf 70' lang='lat' dir='ltr'>intellestualia,</span> <span class='ocrx_word' id='word_1_407' title='bbox 2005 2454 2229 2502; x_wconf 85' lang='lat' dir='ltr'>exteriora</span> <span class='ocrx_word' id='word_1_408' title='bbox 2243 2454 2370 2504; x_wconf 87' lang='lat' dir='ltr'>enim</span> 
     </span>
     <span class='ocr_line' id='line_1_35' title="bbox 384 2519 2371 2585; baseline -0.001 -14"><span class='ocrx_word' id='word_1_409' title='bbox 384 2521 492 2571; x_wconf 87' lang='lat' dir='ltr'>dein</span> <span class='ocrx_word' id='word_1_410' title='bbox 517 2520 757 2570; x_wconf 84' lang='lat' dir='ltr'>inservient</span> <span class='ocrx_word' id='word_1_411' title='bbox 780 2537 865 2585; x_wconf 91' lang='lat' dir='ltr'>pro</span> <span class='ocrx_word' id='word_1_412' title='bbox 889 2520 1027 2584; x_wconf 79' lang='lat' dir='ltr'>plano</span> <span class='ocrx_word' id='word_1_413' title='bbox 1046 2519 1368 2575; x_wconf 81' lang='lat' dir='ltr'>interioribus;</span> <span class='ocrx_word' id='word_1_414' title='bbox 1409 2536 1467 2569; x_wconf 87' lang='lat' dir='ltr'>ex</span> <span class='ocrx_word' id='word_1_415' title='bbox 1490 2520 1574 2568; x_wconf 90' lang='lat' dir='ltr'>hac</span> <span class='ocrx_word' id='word_1_416' title='bbox 1596 2521 1917 2583; x_wconf 77' lang='lat' dir='ltr'>progressione,</span> <span class='ocrx_word' id='word_1_417' title='bbox 1968 2520 2042 2570; x_wconf 84' lang='lat' dir='ltr'>seu</span> <span class='ocrx_word' id='word_1_418' title='bbox 2073 2535 2131 2578; x_wconf 84' lang='lat' dir='ltr'>ex</span> <span class='ocrx_word' id='word_1_419' title='bbox 2152 2519 2235 2568; x_wconf 87' lang='lat' dir='ltr'>hac</span> <span class='ocrx_word' id='word_1_420' title='bbox 2255 2521 2371 2570; x_wconf 89' lang='lat' dir='ltr'>nati-</span> 
     </span>
     <span class='ocr_line' id='line_1_36' title="bbox 318 2586 2365 2652; baseline 0 -17"><span class='ocrx_word' id='word_1_421' title='bbox 318 2633 320 2635; x_wconf 79' lang='lat'><em>.</em></span> <span class='ocrx_word' id='word_1_422' title='bbox 386 2593 548 2644; x_wconf 80' lang='lat' dir='ltr'>vitate,</span> <span class='ocrx_word' id='word_1_423' title='bbox 583 2588 664 2645; x_wconf 91' lang='lat' dir='ltr'>est,</span> <span class='ocrx_word' id='word_1_424' title='bbox 700 2588 827 2652; x_wconf 87' lang='lat' dir='ltr'>quod</span> <span class='ocrx_word' id='word_1_425' title='bbox 854 2587 1115 2635; x_wconf 85' lang='lat' dir='ltr'>Externum</span> <span class='ocrx_word' id='word_1_426' title='bbox 1140 2587 1315 2636; x_wconf 87' lang='lat' dir='ltr'>dicatur</span> <span class='ocrx_word' id='word_1_427' title='bbox 1338 2600 1463 2650; x_wconf 89' lang='lat' dir='ltr'>pater</span> <span class='ocrx_word' id='word_1_428' title='bbox 1486 2586 1676 2644; x_wconf 89' lang='lat' dir='ltr'>Interni,</span> <span class='ocrx_word' id='word_1_429' title='bbox 1711 2586 2035 2651; x_wconf 86' lang='lat' dir='ltr'>consequenter</span> <span class='ocrx_word' id='word_1_430' title='bbox 2068 2588 2244 2636; x_wconf 90' lang='lat' dir='ltr'>bonum</span> <span class='ocrx_word' id='word_1_431' title='bbox 2275 2587 2365 2652; x_wconf 85' lang='lat' dir='ltr'>spi-</span> 
     </span>
     <span class='ocr_line' id='line_1_37' title="bbox 386 2652 2128 2718; baseline -0.002 -13"><span class='ocrx_word' id='word_1_432' title='bbox 386 2656 546 2705; x_wconf 87' lang='lat' dir='ltr'>rituale</span> <span class='ocrx_word' id='word_1_433' title='bbox 565 2671 590 2703; x_wconf 90' lang='lat' dir='ltr'>e</span> <span class='ocrx_word' id='word_1_434' title='bbox 608 2655 816 2711; x_wconf 90' lang='lat' dir='ltr'>naturali,</span> <span class='ocrx_word' id='word_1_435' title='bbox 849 2653 976 2718; x_wconf 90' lang='lat' dir='ltr'>quod</span> <span class='ocrx_word' id='word_1_436' title='bbox 997 2653 1144 2711; x_wconf 83' lang='lat' dir='ltr'>Israel,</span> <span class='ocrx_word' id='word_1_437' title='bbox 1179 2666 1307 2718; x_wconf 88' lang='lat' dir='ltr'>pater</span> <span class='ocrx_word' id='word_1_438' title='bbox 1331 2652 1539 2702; x_wconf 89' lang='lat' dir='ltr'>Coelestis</span> <span class='ocrx_word' id='word_1_439' title='bbox 1563 2652 1750 2709; x_wconf 90' lang='lat' dir='ltr'>Interni,</span> <span class='ocrx_word' id='word_1_440' title='bbox 1787 2653 1911 2717; x_wconf 89' lang='lat' dir='ltr'>quod</span> <span class='ocrx_word' id='word_1_441' title='bbox 1938 2653 2128 2716; x_wconf 79' lang='lat' dir='ltr'>Joseph,</span> 
     </span>
    </p>

    <p class='ocr_par' dir='ltr' id='par_1_3' title="bbox 377 2716 2411 3184">
     <span class='ocr_line' id='line_1_38' title="bbox 452 2716 2370 2786; baseline 0.001 -16"><span class='ocrx_word' id='word_1_442' title='bbox 452 2736 598 2786; x_wconf 85' lang='lat'><em>5907.</em></span> <span class='ocrx_word' id='word_1_443' title='bbox 650 2719 716 2768; x_wconf 87' lang='lat' dir='ltr'>Et</span> <span class='ocrx_word' id='word_1_444' title='bbox 749 2721 909 2768; x_wconf 89' lang='lat' dir='ltr'>dicatis</span> <span class='ocrx_word' id='word_1_445' title='bbox 933 2720 988 2767; x_wconf 89' lang='lat' dir='ltr'>ad</span> <span class='ocrx_word' id='word_1_446' title='bbox 1015 2719 1166 2777; x_wconf 90' lang='lat' dir='ltr'>illum,</span> <span class='ocrx_word' id='word_1_447' title='bbox 1202 2719 1264 2768; x_wconf 90' lang='lat' dir='ltr'>ita</span> <span class='ocrx_word' id='word_1_448' title='bbox 1300 2720 1421 2768; x_wconf 86' lang='lat' dir='ltr'>dixit</span> <span class='ocrx_word' id='word_1_449' title='bbox 1453 2719 1574 2767; x_wconf 87' lang='lat' dir='ltr'>filius</span> <span class='ocrx_word' id='word_1_450' title='bbox 1615 2731 1717 2768; x_wconf 87' lang='lat' dir='ltr'>tuus</span> <span class='ocrx_word' id='word_1_451' title='bbox 1755 2718 1946 2782; x_wconf 89' lang='lat' dir='ltr'>Joseph,</span> <span class='ocrx_word' id='word_1_452' title='bbox 1981 2719 2108 2784; x_wconf 90' lang='lat' dir='ltr'>quod</span> <span class='ocrx_word' id='word_1_453' title='bbox 2145 2716 2370 2784; x_wconf 73' lang='lat' dir='ltr'>significet</span> 
     </span>
     <span class='ocr_line' id='line_1_39' title="bbox 382 2783 2368 2855; baseline 0.001 -18"><span class='ocrx_word' id='word_1_454' title='bbox 382 2788 722 2855; x_wconf 90' lang='lat' dir='ltr'>perceptionem</span> <span class='ocrx_word' id='word_1_455' title='bbox 747 2787 864 2835; x_wconf 88' lang='lat' dir='ltr'>illius</span> <span class='ocrx_word' id='word_1_456' title='bbox 887 2783 945 2833; x_wconf 88' lang='lat' dir='ltr'>de</span> <span class='ocrx_word' id='word_1_457' title='bbox 969 2785 1156 2834; x_wconf 86' lang='lat' dir='ltr'>Coelesti</span> <span class='ocrx_word' id='word_1_458' title='bbox 1172 2784 1377 2843; x_wconf 81' lang='lat' dir='ltr'>Inter-no,</span> <span class='ocrx_word' id='word_1_459' title='bbox 1413 2785 1583 2835; x_wconf 88' lang='lat' dir='ltr'>constat</span> <span class='ocrx_word' id='word_1_460' title='bbox 1604 2803 1661 2834; x_wconf 88' lang='lat' dir='ltr'>ex</span> <span class='ocrx_word' id='word_1_461' title='bbox 1682 2785 2015 2848; x_wconf 75' lang='lat' dir='ltr'>significatione</span> <span class='ocrx_word' id='word_1_462' title='bbox 2057 2784 2206 2832; x_wconf 89' lang='lat' dir='ltr'>dicere</span> <span class='ocrx_word' id='word_1_463' title='bbox 2229 2787 2275 2835; x_wconf 85' lang='lat' dir='ltr'>in</span> <span class='ocrx_word' id='word_1_464' title='bbox 2298 2790 2368 2838; x_wconf 90' lang='lat' dir='ltr'>hi-</span> 
     </span>
     <span class='ocr_line' id='line_1_40' title="bbox 379 2850 2368 2919; baseline -0.004 -16"><span class='ocrx_word' id='word_1_465' title='bbox 379 2856 549 2904; x_wconf 88' lang='lat' dir='ltr'>storicis</span> <span class='ocrx_word' id='word_1_466' title='bbox 574 2850 733 2910; x_wconf 82' lang='lat' dir='ltr'>Verbi,</span> <span class='ocrx_word' id='word_1_467' title='bbox 772 2852 898 2918; x_wconf 87' lang='lat' dir='ltr'>quod</span> <span class='ocrx_word' id='word_1_468' title='bbox 923 2853 976 2905; x_wconf 80' lang='lat' dir='ltr'>sit</span> <span class='ocrx_word' id='word_1_469' title='bbox 999 2852 1246 2917; x_wconf 89' lang='lat' dir='ltr'>perceptio,</span> <span class='ocrx_word' id='word_1_470' title='bbox 1285 2853 1343 2900; x_wconf 90' lang='lat' dir='ltr'>de</span> <span class='ocrx_word' id='word_1_471' title='bbox 1368 2869 1462 2919; x_wconf 90' lang='lat' dir='ltr'>qua</span> <span class='ocrx_word' id='word_1_472' title='bbox 1479 2853 1641 2917; x_wconf 81' lang='lat' dir='ltr'>laepius</span> <span class='ocrx_word' id='word_1_473' title='bbox 1666 2874 1680 2908; x_wconf 79' lang='lat'>3</span> <span class='ocrx_word' id='word_1_474' title='bbox 1715 2854 1765 2902; x_wconf 76' lang='grc' dir='ltr'>δε</span> <span class='ocrx_word' id='word_1_475' title='bbox 1788 2868 1845 2900; x_wconf 85' lang='lat' dir='ltr'>ex</span> <span class='ocrx_word' id='word_1_476' title='bbox 1869 2850 2259 2916; x_wconf 72' lang='lat' dir='ltr'>repraesentatione</span> <span class='ocrx_word' id='word_1_477' title='bbox 2281 2857 2368 2919; x_wconf 87' lang='lat' dir='ltr'>J0-</span> 
     </span>
     <span class='ocr_line' id='line_1_41' title="bbox 380 2916 2368 2986; baseline 0.002 -17"><span class='ocrx_word' id='word_1_478' title='bbox 380 2922 527 2985; x_wconf 88' lang='lat' dir='ltr'>sephi,</span> <span class='ocrx_word' id='word_1_479' title='bbox 561 2920 686 2984; x_wconf 88' lang='lat' dir='ltr'>quod</span> <span class='ocrx_word' id='word_1_480' title='bbox 707 2921 760 2968; x_wconf 87' lang='lat' dir='ltr'>fit</span> <span class='ocrx_word' id='word_1_481' title='bbox 783 2919 983 2967; x_wconf 83' lang='lat' dir='ltr'>Coeleste</span> <span class='ocrx_word' id='word_1_482' title='bbox 1001 2919 1257 2976; x_wconf 89' lang='lat' dir='ltr'>Internum,</span> <span class='ocrx_word' id='word_1_483' title='bbox 1294 2919 1353 2967; x_wconf 91' lang='lat' dir='ltr'>de</span> <span class='ocrx_word' id='word_1_484' title='bbox 1370 2936 1462 2986; x_wconf 90' lang='lat' dir='ltr'>qua</span> <span class='ocrx_word' id='word_1_485' title='bbox 1485 2935 1515 2966; x_wconf 90' lang='lat' dir='ltr'>n</span> <span class='ocrx_word' id='word_1_486' title='bbox 1536 2938 1548 2967; x_wconf 72' lang='grc' dir='ltr'><em>ε</em></span> <span class='ocrx_word' id='word_1_487' title='bbox 1576 2918 1721 2983; x_wconf 88' lang='lat'><strong>5869.</strong></span> <span class='ocrx_word' id='word_1_488' title='bbox 1742 2921 1871 2983; x_wconf 84' lang='lat'><em>5877</em></span> <span class='ocrx_word' id='word_1_489' title='bbox 1892 2935 1903 2964; x_wconf 91' lang='lat'>:</span> <span class='ocrx_word' id='word_1_490' title='bbox 1940 2917 2066 2982; x_wconf 91' lang='lat' dir='ltr'>quod</span> <span class='ocrx_word' id='word_1_491' title='bbox 2090 2916 2368 2978; x_wconf 83' lang='lat' dir='ltr'>fignificetur</span> 
     </span>
     <span class='ocr_line' id='line_1_42' title="bbox 380 2982 2367 3052; baseline -0.003 -17"><span class='ocrx_word' id='word_1_492' title='bbox 380 2989 615 3052; x_wconf 89' lang='lat' dir='ltr'>perceptio</span> <span class='ocrx_word' id='word_1_493' title='bbox 640 2986 748 3035; x_wconf 89' lang='lat' dir='ltr'>boni</span> <span class='ocrx_word' id='word_1_494' title='bbox 776 2985 1034 3052; x_wconf 87' lang='lat' dir='ltr'>spiritualis,</span> <span class='ocrx_word' id='word_1_495' title='bbox 1071 2987 1197 3051; x_wconf 89' lang='lat' dir='ltr'>quod</span> <span class='ocrx_word' id='word_1_496' title='bbox 1217 2986 1366 3044; x_wconf 88' lang='lat' dir='ltr'>Israel,</span> <span class='ocrx_word' id='word_1_497' title='bbox 1404 2987 1463 3035; x_wconf 90' lang='lat' dir='ltr'>de</span> <span class='ocrx_word' id='word_1_498' title='bbox 1483 2985 1668 3034; x_wconf 82' lang='lat' dir='ltr'>Coelesti</span> <span class='ocrx_word' id='word_1_499' title='bbox 1688 2986 1895 3041; x_wconf 88' lang='lat' dir='ltr'>Interno‚</span> <span class='ocrx_word' id='word_1_500' title='bbox 1928 2983 2053 3047; x_wconf 89' lang='lat' dir='ltr'>quod</span> <span class='ocrx_word' id='word_1_501' title='bbox 2078 2982 2264 3049; x_wconf 88' lang='lat' dir='ltr'>Joseph,</span> <span class='ocrx_word' id='word_1_502' title='bbox 2301 2991 2367 3041; x_wconf 76' lang='lat' dir='ltr'>est</span> 
     </span>
     <span class='ocr_line' id='line_1_43' title="bbox 377 3049 2411 3118; baseline 0.004 -17"><span class='ocrx_word' id='word_1_503' title='bbox 377 3054 485 3118; x_wconf 85' lang='lat' dir='ltr'>quia</span> <span class='ocrx_word' id='word_1_504' title='bbox 523 3053 641 3101; x_wconf 83' lang='lat' dir='ltr'>dixit</span> <span class='ocrx_word' id='word_1_505' title='bbox 677 3052 799 3102; x_wconf 84' lang='lat' dir='ltr'>filius</span> <span class='ocrx_word' id='word_1_506' title='bbox 835 3065 956 3101; x_wconf 92' lang='lat' dir='ltr'>tuus.</span> <span class='ocrx_word' id='word_1_507' title='bbox 1025 3052 1199 3117; x_wconf 88' lang='lat' dir='ltr'>Joseph</span> <span class='ocrx_word' id='word_1_508' title='bbox 1231 3053 1278 3100; x_wconf 92' lang='lat' dir='ltr'>in</span> <span class='ocrx_word' id='word_1_509' title='bbox 1310 3052 1436 3102; x_wconf 91' lang='lat' dir='ltr'>sensu</span> <span class='ocrx_word' id='word_1_510' title='bbox 1459 3054 1638 3102; x_wconf 88' lang='lat' dir='ltr'>interno</span> <span class='ocrx_word' id='word_1_511' title='bbox 1669 3050 1736 3100; x_wconf 90' lang='lat' dir='ltr'>est</span> <span class='ocrx_word' id='word_1_512' title='bbox 1769 3049 2090 3115; x_wconf 87' lang='lat' dir='ltr'>perceptivum</span> <span class='ocrx_word' id='word_1_513' title='bbox 2114 3049 2307 3106; x_wconf 84' lang='lat' dir='ltr'>influxus</span> <span class='ocrx_word' id='word_1_514' title='bbox 2338 3075 2374 3109; x_wconf 78' lang='lat' dir='ltr'>a</span> <span class='ocrx_word' id='word_1_515' title='bbox 2406 3086 2411 3091; x_wconf 95' lang='lat'>·</span> 
     </span>
     <span class='ocr_line' id='line_1_44' title="bbox 377 3119 1570 3184; baseline 0 -15"><span class='ocrx_word' id='word_1_516' title='bbox 377 3119 565 3169; x_wconf 78' lang='lat' dir='ltr'>coelesti</span> <span class='ocrx_word' id='word_1_517' title='bbox 588 3120 772 3168; x_wconf 89' lang='lat' dir='ltr'>Interno</span> <span class='ocrx_word' id='word_1_518' title='bbox 796 3119 842 3167; x_wconf 92' lang='lat' dir='ltr'>in</span> <span class='ocrx_word' id='word_1_519' title='bbox 869 3120 1048 3168; x_wconf 88' lang='lat' dir='ltr'>bonum</span> <span class='ocrx_word' id='word_1_520' title='bbox 1072 3119 1312 3184; x_wconf 86' lang='lat' dir='ltr'>spirituale.</span> <span class='ocrx_word' id='word_1_521' title='bbox 1563 3162 1570 3169; x_wconf 91' lang='lat'><strong><em>.</em></strong></span> 
     </span>
    </p>

    <p class='ocr_par' dir='ltr' id='par_1_4' title="bbox 440 3182 2366 3253">
     <span class='ocr_line' id='line_1_45' title="bbox 440 3182 2366 3253; baseline 0.001 -16"><span class='ocrx_word' id='word_1_522' title='bbox 440 3188 587 3253; x_wconf 86' lang='lat'><strong>5908.</strong></span> <span class='ocrx_word' id='word_1_523' title='bbox 624 3187 786 3237; x_wconf 86' lang='lat' dir='ltr'>Posuit</span> <span class='ocrx_word' id='word_1_524' title='bbox 806 3201 881 3237; x_wconf 85' lang='lat' dir='ltr'>me</span> <span class='ocrx_word' id='word_1_525' title='bbox 906 3187 1040 3238; x_wconf 88' lang='lat' dir='ltr'>Deus</span> <span class='ocrx_word' id='word_1_526' title='bbox 1057 3186 1114 3237; x_wconf 88' lang='lat' dir='ltr'>ad</span> <span class='ocrx_word' id='word_1_527' title='bbox 1138 3186 1385 3238; x_wconf 85' lang='lat' dir='ltr'>dominum</span> <span class='ocrx_word' id='word_1_528' title='bbox 1419 3185 1552 3239; x_wconf 86' lang='lat' dir='ltr'>omni</span> <span class='ocrx_word' id='word_1_529' title='bbox 1573 3186 1804 3252; x_wconf 86' lang='lat' dir='ltr'>AEgypto‚</span> <span class='ocrx_word' id='word_1_530' title='bbox 1839 3182 1968 3252; x_wconf 89' lang='lat' dir='ltr'>quod</span> <span class='ocrx_word' id='word_1_531' title='bbox 1987 3183 2209 3251; x_wconf 80' lang='lat' dir='ltr'>significet</span> <span class='ocrx_word' id='word_1_532' title='bbox 2236 3188 2366 3252; x_wconf 83' lang='lat' dir='ltr'>quod</span> 
     </span>
    </p>
   </div>
   <div class='ocr_carea' id='block_1_3' title="bbox 2139 3252 2354 3323">
    <p class='ocr_par' dir='ltr' id='par_1_5' title="bbox 2139 3252 2354 3323">
     <span class='ocr_line' id='line_1_46' title="bbox 2139 3252 2354 3323; baseline 0.014 -4"><span class='ocrx_word' id='word_1_533' title='bbox 2139 3252 2354 3323; x_wconf 57' lang='lat' dir='ltr'>disponer</span> 
     </span>
    </p>
   </div>
  </div>
 </body>
</html>
