2566 3640
149 251 153 256 -
282 220 590 293 CAPUT
623 200 1476 307 QUADRAGESIMUM
1515 217 2041 298 SEPTIMUM.
2102 234 2239 308 347

250 350 355 400 ficat
388 352 562 400 bonum
596 343 691 393 veri
713 342 950 393 similiter:
986 359 1080 394 non
1102 342 1316 393 relietum
1327 360 1491 409 ¹eoram
1508 343 1703 394 domino
1725 357 1890 410 praeter
1905 361 2045 411 quam
2063 363 2230 412 corpus

249 418 454 467 nostrum
475 415 527 463 &
549 411 718 461 humus
735 410 900 469 nostra,
934 410 1158 476 fignifimt
1178 411 1310 476 quod
1328 411 1604 476 receptacula
1626 412 1737 461 boni
1759 413 1810 462 δε
1832 413 1927 460 veri
1951 413 2131 478 prorsus
2155 415 2232 463 de-

250 485 390 533 solata
413 481 529 530 fint:
565 493 706 545 quare
741 477 993 526 moriemur
1020 477 1080 528 ad
1111 478 1268 527 oculos
1290 490 1392 528 tuos
1425 478 1563 527 etiam
1594 495 1677 529 nos
1715 478 1852 528 etiam
1877 477 2043 528 humus
2062 480 2227 539 nostra,

248 550 470 614 significat
502 545 536 593 fi
568 544 765 596 desolata
796 544 983 605 fuerint,
1017 546 1143 612 quod
1165 561 1259 594 non
1281 543 1482 610 amplius
1516 543 1612 594 vita
1644 545 1884 610 spiritualis
1910 546 1991 596 sub
2013 547 2226 596 interno:

245 631 349 664 eme
381 630 464 664 nos
494 613 546 663 ὅτ
582 613 776 662 humum
811 611 1009 662 nostram
1047 628 1187 677 pane,
1221 612 1446 675 fignificat
1473 614 1890 677 appropriationem
1923 613 2155 680 utriusque
2178 628 2239 666 ut?

247 682 550 731 sustententur
577 679 733 728 bono:
758 680 809 729 &
826 679 1037 729 vivemus
1055 694 1155 737 nos,
1177 680 1230 728 &c
1246 680 1416 728 humus
1432 679 1597 736 nostra,
1614 679 1727 729 servi
1745 680 1986 739 Pharaoni,
2006 682 2232 746 fignificat

243 747 583 796 submissionem
606 746 791 795 totalem
811 762 823 793 ε
859 747 910 794 &
931 745 991 794 da
1013 746 1183 803 semen,
1217 745 1441 808 fignificat
1463 746 1522 794 fic
1543 745 1772 795 influxum
1795 747 1904 794 boni
1928 748 2158 796 charitatis
2179 751 2237 798 &-

241 814 338 863 veri
373 814 484 863 fidei
509 831 521 862 :
559 815 610 863 &
645 811 856 860 vivamus
887 813 939 860 &
962 827 1054 860 non
1085 813 1353 867 moriamur,
1388 811 1612 875 fignificat
1633 813 1778 861 vitam
1802 812 2080 876 spiritualem
2105 816 2240 872 inde‚·

242 882 295 929 &
319 898 411 929 non
435 880 632 946 amplius
663 879 881 926 timorem
914 877 1223 927 damnationis
1243 894 1255 925 :
1311 879 1364 927 ὅτ
1382 878 1552 926 humus
1575 894 1666 927 non
1690 879 1861 927 vastata
1883 880 1957 938 fit,
2006 882 2232 944 fignificat

241 949 369 1012 quod
400 963 529 996 mens
562 944 817 994 scientificis
836 942 1052 992 Ecclefiae
1070 945 1156 992 erit
1177 942 1384 993 exculta:
1419 946 1471 994 δε
1486 944 1604 993 emit
1625 944 1802 1010 Joseph
1820 961 2011 996 omnem
2036 948 2240 996 humum

243 1014 444 1078 AEgypti
468 1011 708 1067 Pharaoni,
753 1010 977 1073 significat
1012 1010 1140 1076 quod
1172 1012 1411 1061 Internum
1446 1012 1808 1076 appropriaverit
1830 1012 1911 1060 fibi
1937 1026 2080 1062 totam
2106 1031 2236 1063 men—

247 1092 346 1130 tem
369 1080 622 1130 naturalem
655 1078 736 1125 ubi
775 1077 1038 1136 scientifica,
1073 1079 1124 1126 &
1145 1079 1347 1143 poluerit
1369 1076 1451 1125 sub
1480 1078 1717 1138 communi
1738 1078 1973 1142 auspicio:
2006 1082 2056 1128 ὅτ
2077 1083 2242 1130 vendi--

245 1147 413 1196 derunt
429 1145 645 1210 AEgyptii
664 1142 859 1209 quisque
876 1159 1042 1206 agrum
1062 1143 1214 1202 suum,
1238 1143 1464 1207 fignificat
1486 1145 1821 1206 abdicationem
1840 1146 1891 1193 &
1909 1146 2233 1212 subjectionem

243 1215 459 1262 omnium
482 1227 593 1277 quae
614 1210 861 1259 inserviunt
881 1210 1095 1260 Ecclefiae
1118 1228 1131 1260 ε
1169 1210 1390 1276 quoniam
1415 1210 1607 1259 invaluit
1629 1210 1759 1276 super
1784 1211 1890 1260 illos·
1907 1210 2066 1270 fames,
2102 1216 2237 1278 figni-

245 1279 353 1328 ficat
376 1279 486 1345 quia
510 1276 730 1326 desolatio
762 1277 906 1342 usque
935 1275 993 1325 ad
1018 1276 1416 1343 desperationem:
1451 1279 1503 1326 δε
1539 1275 1626 1327 fuit
1647 1290 1759 1326 terra
1786 1277 2027 1338 Pharaoni,
2062 1280 2238 1344 fignifi-

245 1347 349 1407 ficat
373 1344 501 1410 quod
523 1343 721 1408 subjecta
742 1344 900 1392 omnia
938 1344 1128 1393 naturali
1167 1344 1295 1409 quod
1319 1343 1402 1392 sub
1424 1343 1625 1408 auspicio
1658 1345 1860 1393 Interni:
1916 1346 1968 1393 &
2003 1350 2244 1412 populum*

243 1413 470 1462 transtulit
504 1412 638 1460 illum
661 1410 719 1457 ad
743 1411 892 1469 urbes,
928 1410 1153 1473 fignificat
1174 1410 1304 1475 quod
1329 1425 1443 1458 vera*
1461 1410 1701 1459 scientifica
1725 1409 2024 1460 refererentur
2051 1414 2107 1461 ad
2132 1416 2241 1463 doc·

243 1480 449 1528 trinalia:
484 1494 511 1525 a
545 1478 638 1525 fine
677 1475 862 1524 termini
897 1477 1100 1542 AEgypti
1124 1478 1181 1526 ad
1207 1478 1350 1526 finem
1374 1477 1509 1534 illius,
1546 1477 1776 1541 significat
1808 1478 2119 1530 extenfionem
2155 1498 2237 1546 per

243 1560 397 1595 totum
422 1544 619 1593 naturale
642 1545 721 1592 ubi
744 1542 989 1591 scientifica
1011 1561 1022 1591 :
1062 1542 1211 1591 solum
1246 1543 1445 1591 humum
1469 1543 1750 1592 sacerdotum
1777 1559 1867 1592 non
1897 1545 2037 1604 emit,
2065 1544 2257 1612 figniffi

241 1625 315 1662 cat
336 1610 463 1677 quod
485 1611 723 1669 Internum
745 1623 772 1657 e
791 1609 993 1658 naturale
1028 1611 1361 1675 comparaverit
1395 1609 1475 1657 fibi
1512 1608 1745 1658 facultates
1766 1610 2015 1675 recipiendi
2041 1613 2242 1672 bonum,

241 1679 353 1745 quia
377 1678 470 1727 illae
497 1678 556 1726 ab
579 1676 711 1742 Ipso:
749 1677 858 1741 quia
886 1691 987 1741 pars
1011 1675 1173 1726 statuta
1197 1676 1505 1724 sacerdotibus
1528 1692 1552 1724 a
1576 1676 1827 1734 Pharaone,
1863 1675 2088 1740 significat
2106 1682 2244 1745 quod·

242 1747 290 1794 id
313 1744 625 1794 ordinatum'a
647 1743 838 1790 naturali
857 1742 980 1807 quod
1002 1741 1083 1791 sub
1099 1743 1300 1807 auspicio
1326 1743 1499 1791 Interni
1517 1761 1532 1790 .·
1568 1744 1615 1791 &
1637 1743 1937 1793 comederunt>
1956 1759 2130 1810 partem
2150 1747 2237 1796 sta-

244 1825 390 1861 tutam
413 1811 561 1867 suam,
594 1825 736 1874 quam
767 1808 954 1858 dederat
978 1808 1066 1856 illis
1090 1809 1282 1866 Pharao,
1318 1809 1542 1872 fignificat
1566 1809 1693 1875 quod
1718 1811 1839 1858 bona
1861 1827 1951 1859 non
1976 1817 2245 1880 appropria-

244 1879 395 1926 verint
428 1877 508 1924 fibi
543 1876 647 1940 plus
675 1891 819 1940 quam
853 1874 1101 1924 secundum
1124 1876 1494 1924 ordinationem:
1533 1890 1771 1940 propterea
1806 1893 1899 1935 non
1935 1881 2244 1930 vendiderunt

246 1946 446 1993 humum
471 1943 614 1998 suam,
651 1941 874 2004 fignificat
896 1942 1020 2006 quod
1047 1941 1216 1992 idcirco
1241 1958 1334 1990 non
1356 1948 1476 2007 op'us
1500 1942 1734 1991 habuerint
1752 1942 1954 1992 abdicare
1971 1945 2021 1992 &
2047 1945 2251 1996 submit-'

243 2024 335 2059 tere
375 2009 477 2058 illa:
512 2006 564 2056 ’ὅτ
593 2007 712 2057 dixit
751 2008 920 2072 Joseph
959 2008 1016 2057 ad
1050 2008 1300 2074 populum,
1342 2009 1567 2070 significat
1602 2009 1832 2056 influxum
1867 2011 2031 2058 lnt‘erni
2059 2013 2103 2061 in
2130 2030 2245 2063 verai

244 2075 511 2125 scientifica:
544 2090 645 2124 ecce
666 2075 757 2122 emi
780 2090 867 2122 vos
884 2074 1042 2132 hodie,
1067 2077 1117 2125 δι
1137 2076 1333 2124 humum
1353 2078 1565 2133 vestram,
1594 2076 1837 2133 Pharaoni,
1863 2077 2084 2140 significat
2108 2083 2236 2143 quod

241 2142 572 2208 comparaverit
605 2141 685 2190 sibi
724 2141 834 2207 illa,
855 2143 905 2190 &
932 2140 1162 2205 subjecerit
1192 2144 1432 2201 communi
1459 2143 1502 2189 in
1529 2143 1737 2199 naturali,
1771 2146 1897 2207 quod
1926 2144 2007 2191 sub
2030 2146 2240 2207 ‚auspicio⁴

244 2211 414 2259 Interni
436 2226 447 2256 2
482 2207 884 2264 eri-*vobissemem
921 2209 970 2258 &
990 2208 1138 2262 seratis
1155 2207 1369 2266 humum,
1405 2210 1624 2272 significat
1647 2210 1823 2257 bonum
1846 2211 2069 2268 charitatis
2087 2213 2139 2261 ὅτ
2159 2231 2243 2260 ve·-

185 2330 189 2334 ,
244 2294 348 2325 rum
372 2274 497 2332 fidei,
515 2291 641 2340 'quae
662 2275 1004 2339 implantanda:
1039 2276 1209 2339 deerit,
1247 2277 1291 2324 in
1312 2277 1628 2340 proventibuS‚
1667 2276 1889 2341 fignificat
1908 2277 2077 2337 studius
2097 2281 2200 2327 inde
2219 2295 2242 2329 :⁴

245 2346 296 2392 δε
334 2342 496 2390 dabitis
533 2342 744 2406 quintam
785 2341 1030 2400 Pharaoni,
1067 2343 1291 2405 fignificat
1316 2343 1543 2408 reliquiaS,
1587 2346 1717 2406 quod
1758 2344 1848 2390 illae
1885 2345 1940 2391 ad
1979 2343 2248 2395 commune

244 2410 371 2474 quod
395 2409 476 2466 sub
497 2407 693 2472 auspicio
728 2407 927 2457 Interni:
968 2409 1019 2459 δε
1050 2423 1244 2474 quatuor
1280 2426 1425 2474 partes
1458 2411 1618 2467 vobi8‚.
1647 2409 1871 2474 significat
1892 2412 1963 2458 illa
1984 2428 2091 2474 quae
2117 2431 2234 2461 non·-

245 2478 359 2523 dum
385 2475 590 2539 reliquiae
609 2493 631 2521 .·⁴
658 2473 715 2522 ad
752 2473 902 2523 semen
924 2476 1040 2538 agri,
1078 2476 1299 2539 fignificat
1321 2478 1402 2532 ad·
1436 2477 1732 2532 nutritionem
1775 2479 1969 2524 mentis:
2008 2480 2055 2526 &
2082 2481 2139 2527 ad
2166 2483 2228 2527 ci-

246 2546 358 2590 bum
383 2541 598 2597 yestrum,
624 2542 673 2590 δι
695 2540 782 2588 illis
804 2541 846 2589 in
865 2542 1082 2594 domibus
1101 2543 1274 2598 vest-ris,
1301 2543 1520 2606 significat
1544 2555 1596 2589 ut
1615 2543 1720 2589 inde
1741 2544 1834 2590 veri
1855 2544 2030 2592 bonum
2055 2545 2098 2591 in
2118 2564 2222 2594 om-

242 2609 376 2658 nibus
397 2610 447 2657 δι
471 2607 654 2672 singulis
671 2619 691 2654 .·’
721 2608 771 2655 ὅτ
807 2607 864 2657 ad
897 2610 1054 2656 cibum
1076 2609 1335 2667 infantibus
1359 2610 1538 2667 vestris,
1565 2609 1785 2673 significat
1821 2611 1862 2657 in
1885 2610 2102 2676 rias-qum
2127 2613 2234 2671 sunt

243 2676 545 2724 innocentiae:
582 2674 634 2723 δε
655 2673 887 2732 dixerunt,
923 2675 1278 2733 vivificastinos,
1313 2677 1538 2739 fignificat
1561 2678 1705 2723 vitam
1741 2677 2010 2740 spiritualem
2034 2695 2124 2726 non
2148 2679 2237 2728 ali-

243 2756 312 2791 ter
340 2757 423 2790 nec
444 2740 658 2788 aliunde:
684 2740 977 2798 *inveniamus
997 2743 1192 2806 gratiam
1219 2745 1265 2791 in
1291 2740 1430 2791 oculis
1463 2743 1659 2800 domini,
1697 2742 1922 2804 fignificat
1940 2745 2236 2795 voluntatem>

242 2823 297 2858 ut
320 2809 381 2858 ira
404 2807 599 2871 subjeffita
632 2806 702 2864 sit,
749 2808 802 2857 δτ
834 2808 1234 2858 humiliationem:
1273 2811 1323 2858 &
1358 2810 1528 2858 erimus
1563 2809 1675 2857 servi
1718 2810 1962 2867 Pharaoni,
1998 2812 2233 2873 fignificat·

245 2876 372 2942 quod
412 2874 657 2940 proprium
697 2872 832 2923 suum
865 2875 1101 2933 abdicent,
1128 2876 1486 2930 &submittant
1511 2875 1701 2924 naturali
1737 2877 1863 2938 quod
1904 2877 1985 2931 sub
2022 2878 2235 2942 auspicio·

247 2942 450 2990 luterni:
486 2944 536 2990 &
571 2939 724 3005 posuit
758 2939 934 3006 Ioseph
967 2941 1023 2989 ad
1059 2942 1294 3000 statutum,
1346 2942 1567 3007 fignificat
1600 2942 1864 2991 conclusum
1897 2960 1954 2991 ex
1972 2945 2186 2994 consensu
2207 2963 2233 2995 :2

249 3008 389 3074 usque
412 3009 469 3056 ad
493 3009 618 3057 diem
641 3008 777 3065 hunc,
812 3008 1034 3071 fignificat
1066 3010 1114 3056 i'n
1148 3023 1403 3058 aeternum:
1440 3009 1574 3074 super
1596 3009 1793 3058 humum
1829 3007 2230 3074 AEgypti‘Pharaae

248 3077 334 3123 oni
359 3075 414 3122 ad
452 3077 679 3151 quintam,
727 3074 952 3138 fignificat
991 3075 1219 3141 reliqum,
1261 3091 1311 3126 ut
1335 3076 1490 3141 prius:
1531 3076 1674 3125 solum
1713 3076 1882 3124 humus
1914 3078 2234 3142 sacerdotum„

248 3152 440 3189 tantum·
464 3141 648 3208 illorum
683 3158 775 3190 non
799 3142 888 3191 fuit
927 3142 1165 3201 Pharaoni,
1216 3143 1438 3207 fignificat
1472 3143 1699 3193 facultates
1742 3143 1986 3207 recipiendi
2027 3146 2225 3207 bonum,

248 3204 378 3272 quod
401 3205 503 3255 ‘111ae-
516 3208 780 3259 immediate
803 3211 873 3260 ab-
884 3209 1092 3261 Interno.⁴

348 3290 354 3293 ·
1170 3278 1221 3327 X
1244 3293 1285 3326 x
1321 3293 1358 3328 21
1660 3302 1663 3303 ν
2084 3278 2229 3342 6ιο9,
