2606 3646
362 219 670 348 cAPuT
721 264 1578 356 QUADRAGESIMUM
1623 270 2094 342 TERTIUM.
2158 295 2286 365 199

282 410 414 462 sensu
435 408 499 459 est
523 405 719 456 coelestis
753 421 902 464 amor,
950 407 1004 454 &
1032 404 1226 454 coelestis
1261 420 1391 454 amor
1413 405 1461 454 in
1487 405 1751 456 secontinet
1774 408 1930 457 omnia
1954 425 2062 473 quae
2097 409 2202 457 boni
2231 412 2282 458 ὅτ

282 480 380 529 veri
404 477 523 533 sunt,
560 475 625 524 ita
647 473 804 520 omnia
837 489 946 538 quae
968 473 1058 521 cibi
1084 472 1326 539 spiritualis
1349 473 1453 522 sunt
1474 495 1488 528 3
1524 475 1652 539 quod
1678 476 1808 539 panis
1833 477 1886 524 fit
1909 476 2108 525 coelestis
2133 494 2284 535 amor,

272 541 491 600 videatur
514 559 543 590 n
563 541 716 658 36276.
743 542 862 591 680.-
883 540 1031 604 2165.
1058 556 1204 605 2177.
1228 543 1378 606 2187.
1405 541 1553 606 3464.
1581 545 1728 607 3478.
1765 557 1912 607 3735.
1946 559 2096 602 42¹1·
2133 559 2282 608 4215.

280 625 655 744 47533029Qia
672 674 1022 724 abominatioid
1043 674 1299 738 AEgyptiiS‚
1324 674 1452 740 quod
1473 674 1694 738 significet
1719 674 1843 740 quod
1875 674 1920 722 in
1939 676 2152 741 opposito
2180 677 2285 733 finr,

275 747 454 796 constat
476 759 533 791 ex
558 743 954 809 repraesentatione
976 742 1334 808 AEgyptiorum,
1370 743 1498 806 quod
1525 742 1610 790 sint
1633 742 1712 805 qui
1742 745 1786 790 in
1803 741 1980 791 inverso
2007 744 2182 802 ordine,
2221 760 2249 790 n
2272 761 2282 790 ε

287 827 451 876 57003
484 812 536 860 ὅτ
557 825 616 860 ex
638 809 1032 875 repraesentatione
1056 808 1391 866 Hebraeorum,
1425 824 1533 856 cum
1567 808 1733 874 quibus
1769 809 2009 857 comedere
2046 809 2287 874 AEgyptiis

279 879 371 928 fuit
388 877 687 934 abominatio,
722 876 854 942 quod
873 875 956 925 fint
974 875 1054 941 qui
1078 875 1124 922 in
1149 875 1354 940 genuino
1377 876 1556 934 ordine,
1594 892 1621 922 n
1643 892 1654 922 ε
1684 890 1838 939 5701,
1870 875 1929 923 ita
1949 877 2064 924 inter
2079 878 2120 924 se
2140 894 2183 924 m
2204 893 2289 940 op-

279 947 450 1012 pofito,
487 945 594 994 inde
624 944 861 1000 aversatio,
896 943 948 991 ὅτ
984 941 1166 992 tandem
1201 941 1504 992 abominatio.
1574 942 1719 1009 Quod
1754 943 2145 992 abominationem
2172 944 2291 991 hanc

281 1014 460 1070 attinet,
494 1010 744 1067 sciendum,
778 1009 907 1075 quod
931 1010 1013 1073 qui
1039 1010 1085 1057 in
1111 1008 1290 1059 inverso
1312 1009 1472 1058 ordine
1499 1008 1619 1066 sunt,
1657 1010 1745 1058 hoc
1768 1009 1850 1068 est,
1892 1011 1938 1058 in
1964 1010 2085 1058 malo
2110 1013 2159 1059 &
2184 1012 2288 1058 inde

281 1081 425 1130 falsor
447 1079 509 1127 ita
531 1077 716 1127 tandem
737 1076 998 1140 aversantur
1022 1077 1196 1126 bonum
1211 1078 1262 1126 &
1280 1092 1447 1125 verum
1464 1073 1695 1135 Ecclefiae,
1733 1089 1786 1125 ut
1808 1092 1918 1125 cum
1941 1078 2132 1125 audiunt
2156 1078 2293 1135 illud,

277 1149 331 1197 &
350 1147 498 1208 magis
522 1159 632 1194 cum
657 1145 870 1193 interiora
893 1159 1073 1201 eorum,
1107 1143 1223 1191 adeo
1248 1143 1326 1192 illa
1346 1143 1678 1200 abominentur,
1715 1156 1766 1192 ut
1788 1146 1910 1208 apud
1935 1145 1976 1192 se
2002 1144 2212 1192 nauseam
2238 1145 2289 1192 &

281 1215 519 1266 vomitum
543 1212 670 1277 quasi
691 1211 908 1267 sentiant;
944 1210 1034 1260 hoc
1060 1210 1178 1259 mihi
1203 1209 1383 1258 distum
1406 1211 1457 1259 &
1481 1209 1730 1269 ostensum,
1766 1227 1878 1259 cum
1902 1213 2091 1260 miratus
2115 1227 2193 1260 cur
2215 1227 2291 1258 or-

283 1282 356 1331 bis
372 1278 653 1329 Christianus
672 1278 884 1328 interiora
901 1277 1002 1326 haec
1020 1276 1162 1327 Verbi
1183 1291 1275 1327 non
1301 1276 1522 1342 recipiunt
1545 1298 1568 1341 '²⁷
1594 1291 1903 1343 apparuerunt
1917 1278 2098 1343 spiritus
2114 1295 2138 1326 e
2155 1279 2194 1325 C
2199 1279 2294 1326 hri-

281 1348 431 1398 stiano
462 1347 592 1404 orbe,
629 1344 839 1395 &coasti
864 1345 1022 1394 audire
1051 1343 1263 1395 interiora
1286 1341 1450 1402 Verbi,
1488 1343 1553 1391 illi
1579 1344 1656 1392 ta'li
1685 1344 1846 1392 nausea
1871 1344 2067 1409 correpti
2086 1344 2204 1402 sunt,
2240 1357 2294 1393 ut

283 1416 492 1465 dicerent
508 1412 552 1460 se
575 1412 738 1462 sentire
753 1412 879 1475 quasi
897 1411 1123 1477 pruritum
1141 1411 1199 1460 ad
1225 1411 1457 1459 vomitum
1483 1411 1528 1460 in
1555 1410 1597 1459 se
1614 1432 1631 1466 ς
1665 1412 1715 1460 &
1739 1411 1922 1460 dietum
1950 1412 2076 1478 quod
2113 1413 2211 1460 talis
2235 1412 2293 1461 fit

285 1482 410 1530 orbis
426 1479 708 1528 Christianus
752 1478 889 1529 hodie
913 1477 1006 1527 fere
1027 1477 1197 1535 ubivis,
1232 1477 1360 1544 quod
1385 1477 1483 1526 talis
1507 1478 1578 1536 fit,
1611 1478 1742 1526 causa
1763 1478 1846 1535 est,
1878 1479 1987 1543 quia
2009 1480 2057 1526 in
2080 1479 2207 1529 nulla
2229 1478 2298 1527 af·

285 1548 486 1598 feEkione
503 1546 601 1595 veri
616 1546 718 1594 sunt
732 1557 924 1610 propter
944 1559 1126 1603 verum,
1164 1544 1316 1594 minus
1343 1544 1388 1592 in
1412 1544 1654 1594 affectione
1680 1545 1788 1593 boni
1813 1561 1871 1594 ex
1898 1547 2023 1595 bono
2044 1567 2058 1601 3
2092 1548 2215 1610 quod
2236 1562 2296 1594 ex

283 1616 444 1663 Verbo
458 1624 538 1662 aut
557 1629 615 1662 ex
632 1611 875 1661 doetrinali
897 1612 976 1665 suo
995 1611 1170 1677 aliquid
1188 1613 1390 1676 cogitent
1410 1613 1460 1660 &
1477 1612 1736 1677 loquantur,
1755 1610 1819 1659 est
1837 1628 1893 1660 ex
1905 1613 2062 1662 habitu
2078 1614 2132 1661 ab
2151 1613 2298 1661 infan-

282 1683 363 1739 tia,
380 1681 498 1729 &ex
521 1679 728 1728 instituto
751 1680 855 1737 ritu,
881 1679 943 1729 ita
966 1679 1030 1728 est
1052 1690 1300 1729 externum
1324 1678 1493 1744 absque
1516 1678 1710 1727 interno,
1749 1679 1894 1741 Quod
1910 1680 2069 1728 omnia
2087 1696 2193 1745 quae
2204 1680 2294 1728 Ec-

277 1749 429 1797 clesioe
450 1748 691 1805 Hebraeae,
728 1762 837 1813 quae
848 1746 953 1796 dein
972 1746 1183 1796 instituta⁴
1204 1744 1296 1795 fuit
1323 1745 1445 1811 apud
1468 1745 1672 1811 posteros
1690 1746 1871 1810 Jacobi,
1906 1747 2146 1812 AEgyptiis
2180 1747 2293 1795 abo-

279 1815 476 1865 minatio
497 1814 686 1872 fuerint,
721 1825 846 1878 patet
877 1830 969 1863 non
995 1813 1142 1863 solum
1166 1828 1225 1861 ex
1247 1828 1317 1871 e0,
1354 1815 1476 1876 quod
1510 1829 1565 1861 ne
1589 1813 1782 1878 quidem
1812 1815 2050 1863 comedere
2074 1814 2291 1863 cumillis

285 1883 474 1939 vellent,
509 1881 585 1929 sed
609 1881 749 1929 etiarn
770 1881 898 1946 quod
918 1880 1149 1939 sacrificia,
1186 1882 1234 1928 in
1268 1879 1434 1944 quibus
1452 1879 1656 1944 Ecclesia
1677 1880 1891 1936 Hebraea
1905 1880 2203 1947 principalem
2228 1879 2301 1930 su'-

282 1966 365 1998 um
389 1949 568 1997 cultum
592 1948 806 2013 ponebat,
842 1948 933 1997 illis
968 1948 1253 1997 abominatio
1280 1946 1435 2004 suerit,
1471 1959 1525 1995 ut
1547 1959 1674 2012 patet
1699 1948 1824 2012 apud
1851 1947 2017 2002 Mosen
2053 1958 2088 1980 ‘⁶
2116 1949 2299 2005 Pharao-

290 2016 430 2073 dixit,
467 2015 606 2072 abite,
643 2014 882 2063 sacrificate
906 2016 950 2064 in
976 2029 1122 2071 terra3
1157 2030 1319 2062 verum
1336 2013 1454 2063 dixit
1470 2014 1643 2074 MoseS,
1679 2029 1772 2064 non
1791 2014 2050 2064 consultum
2068 2016 2130 2065 est
2149 2016 2296 2064 facere

286 2083 366 2141 fic,
388 2082 496 2146 quia
520 2081 864 2131 abominationem
887 2084 1194 2147 AEgyptiorum
1221 2080 1559 2143 sacrificabimus
1583 2082 1801 2145 Jehovae‚
1839 2083 1946 2133 Deo
1967 2081 2156 2140 nostrum
2191 2099 2299 2131 ecce

285 2148 615 2213 fisacrificemus
647 2149 996 2199 abominationem
1035 2150 1339 2214 AEgyptiorum
1373 2149 1420 2196 in
1456 2149 1601 2208 oculis
1635 2165 1817 2206 eorum,
1853 2165 2004 2199 nonne
2027 2147 2294 2215 lapidabunt

286 2231 370 2266 nos
384 2216 623 2265 ”vExod:
648 2232 746 2264 vm
773 2234 783 2263 :
812 2234 890 2267 21.
918 2233 976 2265 22
997 2251 1011 2274 ,
1049 2228 1149 2264 tum
1209 2215 1303 2282 uod
1341 2215 1624 2264 abominatio
1659 2215 1744 2264 illis
1779 2215 1954 2280 pascere
1989 2218 2205 2281 pecudes,
2244 2219 2297 2266 δε

285 2284 455 2348 past-or,
491 2298 546 2332 ut
568 2299 759 2349 quoque
783 2295 907 2348 patet
930 2283 1057 2349 apud
1089 2282 1150 2332 M
1204 2299 1259 2330 en
1295 2289 1330 2313 “
1351 2282 1620 2333 Abominatio
1646 2284 1946 2347 AEgyptiorum
1971 2285 2030 2345 est
2048 2287 2178 2333 omnis
2191 2286 2296 2347 pas-

284 2361 354 2399 tor
380 2350 580 2416 gregis*
610 2350 792 2399 Genes:
817 2366 965 2400 xnvrz
1014 2366 1111 2414 343
1146 2352 1211 2398 ita
1244 2365 1534 2415 quaecunque
1567 2349 1754 2398 fuerunt
1789 2350 1907 2399 illius
1945 2351 2175 2409 Eccrefiae,
2210 2352 2298 2399 ΖΕ·

285 2418 437 2482 gyptii
462 2418 711 2467 abominati
738 2418 868 2472 sunt3
902 2418 1030 2465 causa
1052 2430 1166 2473 erat,
1208 2418 1318 2482 quia
1342 2418 1557 2482 primitus
1592 2418 1733 2467 etiam
1759 2418 1974 2484 AEgyptii
2015 2414 2147 2477 interf*
2171 2418 2295 2476 iilos,

285 2486 365 2550 qui
390 2485 650 2548 Antiquam
675 2480 926 2532 Ecclefiam
962 2483 1403 2548 Repraesentativam
1440 2483 1789 2541 constituerunt,
1827 2485 2021 2542 fuerant,
2050 2503 2076 2534 n
2094 2504 2110 2532 .-
2141 2491 2287 2550 1238.

287 2555 382 2616 238
390 2566 438 2613 5,
467 2550 544 2599 sed
567 2550 868 2615 postmodum
893 2549 1140 2614 rejecerunt
1158 2551 1312 2598 Deum
1334 2550 1549 2599 Ecclesiae
1572 2552 1814 2616 Antiquae,
1839 2552 1924 2599 hoc
1948 2554 2027 2609 est,
2054 2551 2291 2616 Jehovam

286 2619 672 2675 seu-Dominum,
692 2617 898 2666 &idolis
921 2617 1220 2675 serviverunt,
1257 2616 1487 2681 imprimis
1511 2619 1699 2673 vitulis,
1735 2632 1836 2666 tum
1877 2619 1973 2683 ipsa
1998 2620 2287 2685 repraesenta·

284 2686 381 2733 tiva
409 2676 782 2747 &fignificativa
804 2684 1060 2732 coelestium
1091 2684 1139 2731 &
1178 2683 1478 2748 spiritualium
1504 2682 1718 2750 Ezjclefiae
1740 2686 1983 2750 Antiquae,
2015 2678 2140 2752 quae,
2175 2702 2287 2735 cum

284 2753 470 2801 fuetunt
493 2752 550 2798 ab
581 2750 779 2798 Ecclesia
808 2751 903 2808 illa,
931 2751 1195 2808 hauserunt,
1237 2763 1470 2800 verterunt
1511 2753 1556 2798 in
1583 2751 1793 2814 magica3
1830 2752 1935 2799 inde
1973 2755 2058 2803 illis
2085 2757 2286 2803 inversus

281 2821 416 2877 ordo,
465 2819 514 2866 δε
539 2817 868 2882 consequenter
890 2818 1101 2883 omnium
1128 2834 1235 2882 quae
1261 2817 1494 2875 Ecclefiae,
1521 2819 1817 2867 abominatio

348 2902 496 2950 5703.
537 2885 602 2934 Et
626 2883 931 2932 consederunt
951 2895 1106 2932 coram
1131 2900 1204 2942 eo,
1239 2885 1367 2950 quod
1392 2883 1615 2946 significet
1645 2886 1772 2949 quod
1797 2884 2139 2942 disponerentur
2162 2905 2182 2934 a
2210 2887 2282 2938 lira

283 2952 558 3018 praelentiia‚
581 2951 757 2999 constat
772 2966 830 2999 ex
849 2950 1179 3012 significatione
1202 2950 1456 3008 consedere,
1481 2951 1608 3016 quod
1635 2953 1707 3000 hic
1724 2953 1779 3000 sit
1799 2951 1996 3016 disponi,
2015 2954 2096 3002 ord
2106 2954 2287 3004 inaban·

286 3033 360 3069 tur
377 3021 500 3069 enim
519 3036 542 3067 a
558 3017 781 3082 Josepho,
804 3028 858 3065 ut
875 3030 999 3083 patet
1013 3032 1039 3064 a
1057 3031 1168 3065 mox
1188 3017 1487 3082 sequentibus,
1523 3034 1626 3065 nam
1650 3019 1995 3083 obstupuerunt,
2031 3022 2158 3085 quod
2178 3039 2290 3071 con·

289 3087 458 3136 sederet
481 3085 819 3151 primogenitus
843 3084 1089 3133 secundum
1115 3083 1534 3148 primogenituram
1570 3087 1710 3143 suam,
1744 3089 1797 3135 δε
1822 3088 2098 3137 minorennis
2129 3090 2284 3138 secun-

282 3151 402 3200 dum
418 3151 819 3204 minorenni'tatem
833 3150 990 3208 suam;
1025 3152 1076 3200 δι
1091 3167 1116 3199 a
1141 3150 1469 3215 significatione
1508 3166 1662 3201 coram
1684 3169 1757 3211 e0,
1794 3153 1918 3218 quod
1943 3155 1997 3204 fit
2013 3171 2036 3203 a
2062 3156 2134 3204 sua
2157 3173 2279 3222 prae-
2332 3201 2348 3212 ,

282 3218 436 3267 sentia.
504 3218 626 3268 Cum
651 3221 738 3268 hoc
755 3222 818 3268 ita
842 3219 884 3266 se
908 3218 1061 3276 habet,
1098 3234 1179 3285 per
1201 3218 1454 3285 Josephum
1481 3220 1526 3267 in
1552 3219 1761 3284 supremo
1785 3221 1911 3268 sensu
1938 3225 2278 3286 repraesentatur

287 3285 543 3346 Dominus,
579 3301 660 3352 per
682 3287 804 3340 filios
837 3285 1006 3337 Israelis
1031 3286 1150 3336 bona
1177 3286 1227 3337 &
1248 3297 1358 3336 vera·
1378 3285 1426 3334 in
1448 3285 1638 3336 naturali
1659 3306 1677 3344 ·,
1711 3302 1817 3336 cum
1842 3288 2071 3341 Dominus
2091 3289 2290 3355 praesens

452 3374 455 3376 ·
2197 3358 2280 3415 est,
