2566 3640
315 199 567 319 '3⁴50'
710 219 1162 299 GxxEN
1285 209 1963 297 Ε’3-1“8’

347 358 548 410 naturale
570 356 650 407 ubi
671 354 936 413 scientifica,
971 355 1030 405 de
1050 371 1142 420 qua
1163 349 1295 420 supra
1316 370 1376 404 n:
1403 354 1491 406 611
1507 368 1526 402 1
1552 373 1569 411 ς
1597 354 1654 404 ’δε
1674 370 1701 404 a
1721 354 2050 420 significatione
2088 368 2224 408 terraev
2241 354 2353 409 car-'2

350 424 521 482 naanis,
556 424 685 493 quod
723 423 776 472 fit
797 421 1009 482 Ecclesia,
1047 424 1107 473 de
1139 421 1397 485 qua-etiam.
1415 421 1545 484 supra
1569 422 1808 488 11:6967.
1878 424 1968 474 Per
1992 425 2241 485 Ecclefiam
2264 427 2350 476 hie
2398 456 2406 470 .’

352 494 626 557 intelligitur
660 490 705 539 id
737 487 866 554 quod
907 490 972 538 est
1011 460 1227 539 Ecciefiae
1266 488 1392 552 apud
1427 487 1682 545 hominem,
1721 489 1869 548 homo
1903 492 1967 540 est
2001 492 2207 543 Ecclefia
2231 509 2352 543 curu

352 560 397 608 in
439 561 563 607 bono
601 559 651 606 &
691 571 818 612 vero,
855 555 905 603 δε
944 567 1086 604 caetus
1126 556 1290 604 talium
1313 554 1573 604 hominum
1614 552 1798 615 faciunt*
1829 552 2081 609 Ecclesiam
2118 562 2166 609 in
2205 576 2339 610 com-

357 643 503 674 muni.
1293 654 1297 659 -

419 694 566 751 6114.
605 690 659 739 In
683 704 858 737 annona
881 703 1021 752 quam
1054 687 1117 737 illi
1151 699 1373 748 ementeS,
1418 688 1546 755 quod
1586 690 1810 754 significet
1841 690 1968 756 quod
2005 690 2086 740 illo
2122 692 2347 744 sustenta»

354 772 524 815 rentur,
561 757 736 805 constat
758 772 816 803 ex
840 755 1171 819 significatione
1209 766 1421 813 annonae,
1457 756 1584 821 quod
1611 757 1664 805 fit
1686 773 1848 806 verum
1889 757 2129 816 Ecclefiae,
2163 760 2222 808 de
2243 777 2346 825 qua

351 842 409 872 n:
437 841 564 886 5402
591 845 605 879 ς
639 825 688 871 &
711 839 737 870 a
761 822 1093 887 significatione
1116 838 1283 880 emere,
1328 823 1455 887 quod
1480 824 1533 872 fit
1556 824 1867 889 appropriare,
1902 823 1961 870 de
1984 840 2077 889 qua
2099 841 2160 873 n:
2192 841 2340 892 4397.

354 907 504 955 5374-
529 905 674 955 5397.
703 891 850 950 5406.
879 903 1028 950 54¹0·
1055 890 1203 954 5426,
1239 887 1348 938 inde
1371 890 1434 939 est
1459 889 1706 948 sustentari,
1743 906 1850 945 nam
1871 891 2025 954 agitur
2040 890 2098 937 de
2122 890 2229 944 cibo
2252 893 2347 957 spi-

345 959 518 1014 rituali,
554 960 633 1070 quii
656 973 735 1022 per
750 970 980 1004 annonam
999 954 1295 1018 significatur,
1330 955 1553 1022 quicibus
1567 973 1679 1006 cum
1695 958 2013 1024 appropriatus
2034 956 2178 1007 vitam
2209 957 2340 1023 spiri-

354 1025 522 1073 tualem
543 1025 588 1072 su
631 1036 768 1071 entat.
1065 1047 1067 1049 v
1322 1021 1332 1030 ²
1517 1035 1520 1038 ’
1564 1068 1567 1071 ,
2219 1045 2223 1049 ·

421 1092 567 1152 6115.
606 1090 668 1138 Et
692 1089 845 1138 venire
868 1087 976 1136 fecit
1000 1088 1178 1153 Joseph
1199 1101 1444 1152 argentum
1470 1089 1667 1142 domum
1702 1088 1970 1146 Pharaonis,
2003 1090 2130 1154 quod
2169 1091 2346 1155 fignifia'-

352 1171 425 1206 cet
442 1157 568 1223 quod
594 1156 706 1205 illud
730 1170 870 1203 omne
907 1156 1176 1204 refereretur
1197 1156 1254 1203 ad
1273 1171 1526 1205 commune
1550 1156 1598 1204 in
1622 1159 1834 1216 naturali,
1869 1155 2044 1206 constat
2065 1174 2092 1206 a
2115 1156 2348 1221 fignifica-

352 1226 478 1272 tione
515 1224 671 1271 venire
709 1221 869 1280 facere,
907 1221 1036 1286 quod
1058 1222 1115 1271 fit
1137 1220 1300 1271 referre
1320 1223 1397 1280 ad,
1439 1238 1490 1271 ac
1514 1223 1800 1272 introducere
1824 1243 1840 1279 3
1874 1238 1901 1271 a
1923 1222 2251 1289 significatione
2273 1241 2344 1273 ar-

352 1290 499 1354 genti,
550 1289 674 1355 quod
699 1288 753 1336 fit
775 1288 1079 1337 scientificum
1117 1303 1283 1339 verum
1307 1292 1358 1339 &
1381 1289 1598 1353 aptabile,
1645 1290 1703 1338 de
1726 1306 1818 1355 qua
1843 1305 1900 1338 n:
1929 1290 1984 1337 61
2004 1305 2080 1347 12,
2115 1292 2166 1339 δε
2189 1307 2347 1339 exre-

351 1356 703 1423 praesentatione
747 1354 1007 1413 Pharaonis,
1055 1355 1184 1420 quod
1227 1356 1280 1405 fit
1315 1357 1515 1404 naturale
1540 1356 1584 1404 in
1609 1356 1873 1414 communi,
1906 1354 1965 1403 de
1988 1372 2082 1420 qua
2104 1374 2163 1405 n:
2189 1358 2343 1420 5450*

354 1441 502 1490 5799.
554 1423 701 1486 6015,
781 1421 891 1471 inde
930 1422 1097 1471 domus
1130 1421 1379 1472 Pharaonis
1424 1422 1488 1471 est
1550 1438 1804 1475 commune
1858 1423 1905 1470 in
1953 1423 2170 1484 naturali,
2212 1425 2346 1488 'quia

347 1491 413 1539 est
456 1505 595 1539 omne
633 1489 696 1537 ibi
732 1489 780 1537 in
812 1489 1078 1552 complexu.
1173 1489 1248 1537 De
1283 1490 1371 1548 his,
1430 1489 1561 1555 quod
1592 1490 1838 1539 'scientifica
1876 1505 1983 1538 vera
2020 1490 2072 1539 &
2118 1490 2342 1554 aptabilia
2418 1505 2420 1507 ·
2463 1536 2474 1544 ,

350 1556 595 1606 referantur
616 1555 672 1603 ad
696 1570 960 1611 commune,
995 1554 1253 1613 sciendum,
1291 1557 1420 1620 quod
1438 1555 1593 1604 omnia
1613 1555 1875 1613 scientifica,
1908 1568 1960 1604 ut
1983 1556 2034 1604 &
2057 1572 2181 1613 vera,
2215 1573 2347 1621 quae·

350 1638 528 1688 cunque
555 1622 668 1678 sunt,
703 1633 757 1669 ut
780 1622 864 1671 sint
882 1621 1079 1685 aliquid,
1114 1621 1342 1671 referenda
1360 1623 1445 1671 fint
1465 1622 1524 1670 ad
1547 1636 1817 1679 commune,
1853 1637 1905 1670 ac
1929 1621 2143 1686 ponenda
2160 1623 2212 1672 δε
2234 1640 2367 1672 con»

350 1690 538 1739 tinenda
573 1689 618 1736 in
652 1688 920 1743 communi,
946 1686 1115 1743 &sub
1153 1688 1410 1747 communi,
1447 1689 1533 1738 nifi
1554 1687 2109 1752 ita‚‚diffipanturillico·‚
2144 1690 2346 1755 quippe,

352 1755 667 1813 urscientifica
689 1756 737 1802 &
764 1770 873 1802 vera
896 1753 983 1802 fint
1004 1753 1202 1819 aliquid,
1249 1754 1508 1804 inducenda
1524 1753 1590 1802 est
1611 1752 1700 1803 illis
1720 1751 1884 1811 forma,
1923 1755 1969 1802 in
1995 1769 2085 1819 qua
2109 1755 2151 1802 se
2175 1767 2349 1805 mutuo

352 1824 643 1888 spectabunt,
679 1820 806 1886 quod
843 1835 937 1869 non
970 1820 1067 1868 fieri
1092 1820 1262 1884 potest,
1309 1820 1394 1870 nifi
1426 1817 1739 1870 'consocientur
1776 1820 1856 1870 sub
1893 1821 2168 1876 communi;
2202 1838 2346 1886 quare

353 1904 601 1938 commune
626 1889 689 1936 est
716 1886 842 1953 quod
867 1886 1069 1936 continet
1106 1887 1182 1935 illa
1211 1889 1257 1936 in
1297 1886 1464 1945 forma,
1500 1889 1551 1936 &
1589 1885 1698 1935 facit
1720 1898 1773 1937 ut
1794 1887 2188 1952 unumquodlibet
2230 1888 2346 1936 inibi-

355 1959 518 2006 habeat
557 1955 692 2004 suum
731 1953 892 2018 quale:
928 1953 1080 2018 ipsum
1115 1969 1364 2009 commune
1386 1957 1524 2002 etiam
1549 1953 1836 2001 referendum
1860 1953 1924 2001 est
1946 1970 2039 2002 una
2071 1969 2179 2002 cum
2214 1970 2342 2002 com-

360 2023 575 2072 munibus
608 2022 704 2070 aliis
735 2021 817 2069 sub
840 2020 1180 2077 communibus,
1205 2022 1583 2070 &communiora
1601 2022 1766 2068 iterum
1793 2019 1872 2068 sub
1893 2021 2345 2080 communiffimum,
2379 2060 2382 2063 .

358 2091 565 2155 alioquin
581 2089 719 2138 etiam
732 2087 1016 2145 communia,
1041 2088 1155 2136 ut&
1170 2088 1507 2147 communiora,
1523 2087 1854 2150 diffiparentur:
1897 2082 2353 2136 Communifl‘imum-

361 2154 647 2210 Universale,
671 2170 726 2202 ex
750 2171 846 2219 quo
861 2156 1018 2202 omnia
1033 2154 1338 2212 continentur,
1362 2154 1426 2202 est
1447 2153 1545 2217 Ipse
1565 2153 1816 2216 Dominus,
1841 2153 1890 2201 ὅτ
1907 2152 2034 2218 quod
2053 2154 2256 2211 continet
2279 2153 2346 2203 est

355 2223 589 2271 Divinum
613 2222 787 2269 Verum
814 2221 1061 2284 procedens
1084 2222 1141 2268 ab
1165 2221 1271 2284 Ipso
1295 2243 1309 2275 ;
1344 2219 1668 2268 communiora
1693 2218 1793 2266 sunt
1817 2219 2045 2268 societates
2067 2234 2354 2268 communes-

357 2293 403 2338 in
432 2287 869 2352 mundosspiritualss
906 2288 951 2334 in
969 2288 1081 2350 quas
1105 2286 1257 2335 influit
1282 2287 1521 2336 Divinum.
1547 2286 1738 2342 Verum,
1759 2285 1939 2334 &illas
1964 2285 2008 2333 in
2035 2300 2200 2349 genere
2220 2287 2356 2335 inter·

358 2358 402 2404 fe
439 2355 716 2418 distinguit;
752 2354 1018 2402 communia
1059 2353 1162 2401 sunt
1203 2353 1431 2401 societates
1470 2353 1622 2411 minus
1658 2367 1925 2400 communes
1965 2352 2047 2400 sub
2079 2354 2347 2417 unoquovis

360 2421 706 2472 communiori:
743 2419 972 2470 societates
1010 2419 1351 2468 communiores
1374 2421 1486 2478 funt,
1522 2420 1690 2485 quibus
1729 2419 2084 2482 correspondent
2122 2420 2345 2477 membra,

362 2504 548 2554 organa,
585 2488 634 2534 δε
666 2487 848 2544 viscera,
895 2487 940 2534 in
966 2485 1169 2543 homine,
1206 2503 1315 2551 quae
1338 2503 1418 2551 per
1451 2486 1707 2535 mirabilem
1740 2501 1999 2534 connexum
2025 2486 2069 2533 in
2096 2487 2171 2534 tali
2195 2485 2342 2535 forma

361 2557 486 2614 sunt,
523 2567 574 2602 ut
596 2553 639 2601 se
663 2566 828 2602 mutuo
850 2551 1071 2617 spectent,
1106 2569 1155 2601 ac
1179 2554 1242 2603 ita
1264 2553 1307 2600 se
1326 2566 1491 2602 mutuo
1519 2552 1798 2608 contineant,
1835 2554 1885 2601 δε
1919 2567 2106 2616 quoque
2131 2555 2171 2600 se
2194 2552 2349 2601 sistant-

363 2635 418 2671 ut
441 2637 606 2670 unum.
677 2621 733 2669 In
772 2620 962 2668 homine
996 2621 1424 2670 communiffimum
1466 2618 1735 2677 universale,
1770 2619 1899 2683 quod
1920 2619 2128 2670 ,con-tinet
2153 2618 2349 2680 singula,

365 2689 431 2736 est
454 2689 652 2744 Anima,
688 2687 749 2734 ita
778 2694 969 2752 quoque
991 2687 1056 2734 est
1080 2686 1316 2735 Divinum
1350 2688 1526 2735 Verum
1548 2685 1796 2751 procedens
1817 2702 1842 2732 a
1865 2685 2092 2742 Domino,
2130 2699 2232 2731 nam
2252 2684 2341 2732 hoc

364 2754 578 2803 continue
618 2753 793 2811 influit,
826 2753 877 2800 δε
902 2753 1010 2801 facit
1040 2764 1092 2802 ut
1124 2754 1278 2802 anima
1301 2753 1401 2801 talis
1423 2755 1487 2803 fit.
1512 2765 1535 2800 ,⁴
1559 2751 1787 2800 Divinum
1829 2750 2012 2799 V'e'rum'
2048 2749 2291 2814 procedens
2314 2766 2352 2797 a*

367 2820 584 2870 Domino
597 2819 661 2867 est
684 2818 812 2884 quod
850 2832 1043 2872 vocatur
1086 2820 1308 2876 Verbum,
1344 2835 1427 2885 per
1463 2820 1592 2885 quod
1629 2819 1786 2867 omnia
1817 2830 1962 2865 creata
1984 2817 2104 2871 sunt,
2143 2816 2265 2878 Joh:
2294 2833 2338 2863 1:

373 2907 414 2938 1.
442 2902 482 2935 2.
516 2903 561 2949 3,
598 2886 673 2935 seu
697 2902 778 2950 per
798 2886 926 2950 q-uod
950 2887 1109 2934 omnia
1127 2886 1409 2944 exstiterant,
1440 2885 1633 2950 proinde
1655 2902 1735 2950 per
1752 2883 1890 2949 quod·
1911 2882 2063 2945 omnia
2087 2877 2348 2932 subsistunt».

361 2953 509 3013 <Qi0d
529 2953 686 3001 omnia
703 2954 747 3000 in
768 2951 977 3001 universo
996 2952 1179 3001 mundo
1193 2953 1379 3002 naturali
1400 2952 1476 3002 sub
1491 2952 1727 3001 communi
1747 2951 1849 3006 fiat,
1885 2949 1935 2997 δε
1953 2947 2126 3011 singula
2142 2949 2224 2997 sub
2242 2948 2353 3006 suo,..

368 3021 416 3068 &
440 3019 565 3084 quod
589 3020 717 3074 aliter
733 3017 963 3067 subsistere·
977 3033 1222 3086 nequeant,
1256 3020 1446 3085 reperiet
1469 3017 1702 3068 manifeste
1722 3017 1863 3081 isqui
1876 3015 1987 3063 velit
2007 3015 2062 3062 ad
2091 3014 2168 3063 ina
2190 3015 2237 3073 in
2263 3030 2343 3063 na-

369 3099 467 3138 tura
489 3086 742 3134 attendere..
1361 3110 1364 3112 ·
1487 3092 1488 3095 ’
2273 3135 2275 3137 ,

422 3152 492 3201 v61
507 3150 580 3198 16.
619 3151 683 3199 Et
701 3151 995 3200 consumtum
1015 3163 1260 3214 argentum,
1279 3169 1306 3200 e
1328 3164 1447 3201 terra
1473 3147 1821 3215 AEg'ypti',.·&·e
1844 3160 1964 3196 terra«
1981 3148 2179 3206 Canaan,
2213 3147 2351 3213 quod?

366 3218 590 3285 fignificet
613 3218 745 3283 quod
761 3211 1056 3270 scientificum
1079 3234 1242 3271 verum
1264 3220 1316 3270 ἃ.
1336 3217 1533 3286 aptabile
1554 3231 1652 3267 non.
1669 3213 1818 3279 magis
1842 3214 2140 3280 conspicuum
2161 3217 2268 3262 effer
2282 3217 2351 3330 ἐξ

2153 3293 2280 3332 natur
