2606 3646
687 45 712 55 ᾳ

272 221 584 299 CAPUT
641 221 1495 311 QUADRAGESIMUM
1544 223 2034 316 QUINTUM.
2086 245 2224 318 275
2255 260 2262 266 ·

298 355 446 427 5934.
481 357 710 416 Dicend0,
759 370 981 406 venerunt
1000 357 1154 407 fratres
1175 356 1384 423 Josephi,
1436 359 1566 425 quod
1589 358 1813 422 significet
1835 359 1960 423 quod
1981 348 2224 426 praesentia.

226 437 337 477 vera
354 424 566 475 Ecclesiae
585 426 629 472 in
649 425 857 482 naturali,
893 426 1063 474 constat
1083 441 1140 474 ex
1159 425 1492 490 significatione
1507 426 1696 484 veniffe,
1733 427 1863 492 quod
1877 426 1930 475 fit
1949 426 2186 491 praesentia
2203 449 2219 484 ·,

226 497 281 544 ὅτ
301 510 357 543 ex
380 491 775 557 repraesentatione
803 493 1003 542 filiorum
1029 493 1214 556 Jacobi,
1268 493 1344 543 seu
1369 493 1560 542 fratrum
1585 493 1797 557 Josephi,
1849 494 1977 557 quod
2003 493 2089 542 fint
2112 508 2222 543 vera

230 559 447 611 Ecclefiae
474 559 518 606 in
543 558 753 616 naturali,
800 559 857 607 de
880 577 971 624 qua
995 577 1051 608 n:
1077 575 1225 623 5403.
1253 577 1399 625 5419.
1427 563 1572 622 5458.
1600 575 1747 622 5512·
1816 561 1932 609 Sunt
1955 560 2000 607 in
2026 562 2218 608 naturali

227 627 469 677 scientifica
493 625 606 673 varii
630 625 838 688 generis;
894 627 992 674 sunt
1015 625 1260 675 scientifica
1282 628 1342 675 de
1365 627 1661 684 terrestribus,
1698 628 1929 690 corporeis
1951 628 2002 676 &
2027 629 2219 675 munda-
2246 666 2249 670 .

226 695 314 750 nis,
369 710 474 758 quae
509 694 612 741 sunt
647 694 821 747 infima,
874 709 981 741 nam
1007 694 1106 741 haec
1130 693 1235 742 sunt
1258 692 1526 743 immediate
1548 689 1898 741 ex'scnsualibus
1921 696 2115 742 externis
2143 694 2216 742 seu

223 762 465 825 corporis·,
514 761 614 807 sunt
649 759 892 807 scientifica
925 759 983 806 de
1017 759 1131 807 statu
1165 758 1319 817 civili,
1345 759 1440 825 ejus
1464 760 1708 823 regimine,
1745 760 1921 808 statutis
1944 761 1993 808 ὅτ
2017 760 2215 823 legibus,

227 845 337 892 quae
363 827 464 879 sunt
489 827 628 890 paulo
651 827 859 874 interiora
883 847 895 880 ;
931 827 1031 874 sunt
1056 825 1295 874 scientifica
1319 825 1377 875 de
1396 825 1482 873 illis
1499 842 1608 892 quae
1623 826 1726 874 sunt
1742 827 1855 874 vitae
1879 826 2075 884 moralis,
2109 818 2220 890 q'uae

187 943 196 954 ,
227 896 332 943 sunt
349 895 498 943 adhuc
518 893 729 941 interiora
751 913 766 948 3
804 908 910 956 quae
928 905 1085 941 autem
1113 893 1213 940 sunt
1238 892 1352 940 vitae
1376 891 1634 958 spiritualia,
1672 892 1774 942 sunt
1797 892 1884 940 illis
1907 893 2125 942 omnibus
2149 895 2221 942 in·

227 963 393 1010 teriora
413 983 427 1017 ;
463 962 560 1007 haec
587 960 687 1007 sunt
711 975 818 1006 vera
843 959 1091 1014 Ecclefiae3
1136 974 1245 1024 quae
1264 970 1486 1023 quatenus
1509 959 1655 1007 solum
1679 975 1736 1007 ex
1760 959 1964 1008 doctrina
1985 961 2110 1024 apud
2137 960 2220 1008 ho-

227 1030 406 1077 minem
430 1027 547 1083 sunt,
584 1042 676 1074 non
700 1025 824 1074 aliud
850 1025 952 1073 sunt
975 1042 1116 1091 quam
1140 1026 1400 1082 scientifica,
1447 1037 1493 1074 at
1515 1041 1623 1076 cum
1649 1042 1708 1074 ex
1732 1027 1855 1075 bono
1877 1028 2063 1084 amoris,
2112 1039 2222 1075 tunc

217 1096 402 1150 ⁴vadunt
427 1094 556 1157 supra
583 1092 839 1149 scientifica,
878 1108 984 1140 nam
1011 1103 1120 1141 tunc
1144 1093 1190 1141 in
1212 1091 1313 1142 luce
1336 1092 1558 1156 spirituali
1582 1094 1698 1150 sunt,
1751 1109 1776 1140 e
1798 1108 1892 1156 qua
1916 1093 2117 1157 speetant
2142 1094 2222 1141 sci·

222 1163 407 1210 entilica
431 1163 477 1208 in
504 1161 584 1207 suo
608 1160 767 1207 ordine
793 1157 906 1206 infra
931 1161 997 1206 se:
1055 1161 1197 1209 homo
1223 1159 1304 1224 per
1326 1159 1433 1208 tales
1456 1160 1622 1224 gradus
1645 1159 1998 1209 scientificorum
2023 1159 2223 1209 ascendit

224 1230 283 1278 ad
312 1227 680 1291 intelligentiam,
731 1226 975 1274 scientifica
999 1227 1122 1274 enim
1142 1242 1225 1291 per
1247 1225 1349 1274 illos
1373 1229 1543 1288 gradus
1567 1226 1775 1291 aperiunt
1803 1238 2028 1284 mentem,
2067 1239 2118 1275 ut
2141 1227 2221 1275 lux

226 1312 263 1362 e
280 1296 454 1343 mundo
480 1293 693 1358 spirituali
717 1293 908 1341 influere
932 1296 1079 1357 poflit.
1168 1292 1247 1341 Ex
1271 1293 1340 1341 his
1364 1309 1487 1342 nunc
1509 1306 1654 1358 patet,
1698 1291 1815 1359 quid
1841 1291 2117 1356 intelligitur
2139 1309 2223 1361 per

226 1363 517 1429 praesentiam
544 1376 756 1407 verorum
783 1360 828 1406 in
854 1360 1058 1407 naturali.

298 1446 356 1494 59
366 1446 442 1493 35.
482 1427 546 1476 Et
570 1427 743 1475 bonum
770 1427 855 1475 fuit
879 1427 925 1474 in
950 1426 1090 1474 oculis
1115 1426 1380 1485 Pharaonis,
1416 1425 1542 1491 quod
1570 1425 1793 1490 significet
1817 1426 2042 1489 gaudium
2068 1423 2221 1476 ubivis

227 1497 312 1554 ibi,
347 1510 514 1559 nempe
533 1497 579 1541 in
600 1494 808 1550 naturali,
844 1493 1018 1541 constat
1033 1509 1090 1542 ex
1108 1493 1440 1556 significatione
1466 1495 1641 1541 bonum
1667 1493 1754 1541 effe
1781 1493 1825 1541 in
1850 1494 1992 1541 oculis
2016 1492 2221 1558 alicujuS,

224 1563 352 1628 quod
373 1564 425 1611 fit
449 1561 670 1623 gaudium
696 1560 783 1607 effe
807 1559 845 1607 ei
865 1582 879 1615 ;
917 1562 966 1608 δε
990 1576 1048 1607 ex
1073 1559 1467 1624 repraesentatione
1494 1559 1761 1620 Pharaonis,
1799 1560 1925 1624 quod
1949 1560 2003 1608 fit
2025 1560 2224 1609 naturale

226 1633 272 1679 in
291 1628 550 1686 communi,
584 1628 643 1674 de
658 1643 752 1692 qua
768 1642 880 1678 mox
899 1626 1031 1691 supra
1050 1644 1109 1674 n:
1136 1640 1283 1692 5933.
1898 1675 1900 1677 .

298 1697 446 1760 5936.
483 1695 547 1743 Et
567 1694 610 1741 in
647 1694 788 1741 oculis
825 1696 1059 1745 servorum
1088 1693 1221 1752 illius,
1257 1692 1382 1759 quod
1419 1691 1644 1757 significet
1677 1692 1821 1759 usque
1854 1692 1910 1741 ad
1946 1693 2107 1743 infima
2139 1692 2222 1752 ibi,

222 1758 399 1813 const‘at
432 1779 488 1811 ex
523 1761 850 1824 significatione
881 1760 1135 1818 servorum,
1191 1762 1318 1826 quod
1354 1760 1436 1808 fint
1466 1760 1695 1815 inferiora,
1753 1761 1812 1808 de
1846 1777 1934 1826 qua
1969 1778 2027 1807 n:
2067 1777 2218 1823 254¹·

230 1831 379 1893 5161,
402 1831 548 1892 5164.
575 1846 600 1890 5
610 1843 725 1892 305,
763 1827 824 1874 ita
846 1842 1028 1890 quoque
1052 1827 1241 1875 infima:
1288 1836 1503 1891 quaena‘m
1539 1826 1779 1875 scientifica
1813 1827 1858 1875 in
1889 1827 2082 1879 naturali
2117 1828 2222 1875 infi-

227 1913 304 1946 ma
323 1897 439 1953 sunt,
475 1898 524 1943 &
543 1911 761 1959 quaenam
786 1893 1016 1951 inferiora,
1052 1894 1262 1941 videatur
1287 1909 1400 1942 mox
1423 1893 1555 1958 supra
1579 1910 1636 1941 n:
1662 1909 1812 1958 5934.
1886 1903 1895 1905 “

297 1979 443 2028 5937.
481 1962 547 2010 Et
580 1953 698 2010 <iiiut
721 1960 894 2008 Pharao
929 1961 984 2008 ad
1008 1959 1284 2024 Josephum,
1331 1959 1456 2024 quod
1493 1960 1715 2022 significet
1749 1960 2087 2025 perceptionem
2117 1962 2221 2012 Na-

227 2032 378 2080 turalis
401 2045 459 2078 ex
484 2028 670 2077 Coelesti
692 2028 893 2085 Interno‚
940 2027 1117 2090 constat
1137 2043 1196 2075 ex
1218 2026 1548 2093 significatione
1572 2028 1719 2075 dicere
1745 2027 1789 2074 in
1815 2027 2036 2076 historicis
2061 2029 2219 2086 Verbi,

227 2095 434 2163 quod'fit
456 2096 707 2160 perceptio,
759 2094 819 2142 de
841 2110 930 2158 qua
954 2093 1152 2159 saepius;
1203 2110 1259 2141 ex
1284 2094 1676 2158 repraesentatione
1701 2094 1965 2152 Pharaonis,
2007 2095 2139 2159 quod
2165 2095 2220 2143 sit

232 2164 454 2214 Naturale
479 2164 524 2210 in
549 2162 808 2219 communi,
844 2162 903 2209 de
924 2177 1018 2226 qua
1042 2178 1097 2209 n:
1125 2162 1271 2225 5160.
1300 2177 1429 2226 5799
1452 2183 1466 2216 3
1515 2162 1566 2209 δε
1588 2176 1645 2209 ex
1668 2178 1678 2208 1
1710 2160 2065 2224 ‘praesentatione
2089 2163 2215 2224 Jose-

229 2232 333 2296 phi,
379 2231 509 2296 quod
544 2230 597 2278 fit
621 2227 818 2277 Coeleste
842 2228 1098 2286 Internum,
1150 2227 1209 2276 de
1242 2243 1334 2290 qua
1367 2245 1428 2276 n:
1469 2229 1616 2292 5869.
1650 2232 1816 2291 5877;
1865 2228 1976 2292 quia
1999 2227 2215 2287 Coeleste,

224 2298 358 2361 quod
377 2296 549 2362 Joseph
575 2295 864 2360 repraesentat
886 2296 949 2343 est
974 2295 1221 2353 internum,
1257 2296 1308 2342 δε
1333 2293 1573 2351 Naturale,
1608 2295 1735 2359 quod
1763 2295 1954 2351 Pharao,
1990 2295 2053 2341 est
2071 2309 2216 2343 exter-

228 2382 364 2422 num,
401 2364 568 2411 idcirco
589 2362 654 2410 est
678 2361 910 2427 perceptio
934 2362 1147 2410 naturalis
1169 2377 1226 2411 ex
1251 2360 1438 2424 Coelesti
1462 2362 1658 2418 interno,
1705 2360 1860 2410 omnis
1883 2361 2008 2409 enim
2032 2378 2216 2426 percep-

225 2433 295 2481 tio
316 2431 379 2480 est
399 2446 454 2479 ex
478 2429 697 2487 interiori,
734 2428 956 2494 nusquam
981 2428 1045 2475 est
1067 2428 1218 2494 aliqua
1240 2427 1475 2492 perceptio
1500 2427 1724 2477 interioris
1746 2429 1803 2475 ab
1825 2428 2052 2483 exteriori,
2089 2432 2211 2475 uncle

227 2499 354 2556 enim
381 2497 579 2546 influxus
600 2495 706 2544 inde
730 2496 794 2543 est
818 2497 1061 2561 perceptio.
1150 2495 1285 2562 Qid
1308 2494 1568 2559 Perceptio,
1627 2510 1733 2559 quae
1769 2495 1898 2542 toties
1931 2495 2211 2551 nominatur,

229 2567 385 2631 paucis
419 2563 491 2612 hic
513 2564 758 2612 dicendum
779 2584 794 2618 ·,
842 2562 904 2610 est
927 2563 1049 2625 apud
1070 2561 1434 2628 unumquemvis
1457 2561 1696 2608 hominem
1722 2561 1906 2609 facultas
1929 2561 2211 2625 percipiendi

231 2649 348 2682 num
369 2632 434 2680 ita
457 2631 529 2688 srt‘,
583 2629 661 2676 vel‘
690 2632 781 2677 non
810 2630 891 2687 ita,
945 2628 1130 2677 facultas
1151 2627 1460 2677 concludendi
1485 2626 1606 2675 intus
1628 2627 1673 2675 in
1701 2627 1742 2674 se
1768 2629 1840 2675 seu
1865 2628 1908 2675 in
1937 2640 2091 2675 mente
2117 2629 2211 2684 sua,

141 2742 147 2747 ,
229 2700 337 2748 facit
363 2709 412 2747 ut
436 2713 502 2746 res
530 2696 834 2760 percipiatur,
885 2696 984 2744 haec
1007 2695 1192 2744 facultas
1226 2695 1452 2759 nusquam
1477 2692 1639 2749 dabilis
1663 2694 1726 2742 est
1752 2695 1831 2743 nifi
1858 2695 2051 2742 influxus
2080 2695 2132 2742 fit
2155 2710 2214 2742 ex

231 2764 450 2832 spirituali
475 2762 678 2811 mundo:
719 2763 801 2810 hac
823 2761 930 2811 dote
954 2762 1154 2810 excellet
1167 2778 1282 2821 unus
1299 2762 1443 2811 honio
1462 2774 1557 2826 prae
1581 2762 1721 2809 altero
1743 2783 1760 2817 ς
1799 2762 1874 2824 qui
1897 2761 2046 2808 minus
2064 2761 2214 2809 excel-

230 2835 325 2883 lent
349 2832 448 2880 sunt
467 2830 548 2896 qui
576 2836 741 2895 parum
762 2829 879 2876 intus
902 2831 948 2876 in
970 2830 1012 2877 se
1037 2829 1109 2877 seu
1135 2829 1180 2877 in
1206 2840 1357 2878 mente
1380 2829 1451 2884 sua
1474 2829 1755 2887 concludunt
1781 2830 1830 2876 &
1855 2828 1911 2876 sic
1930 2828 2210 2894 percipiunt,

172 2935 174 2939 s
231 2899 307 2956 sed
326 2900 487 2948 'dicunt
513 2898 572 2946 ita
594 2897 700 2954 effe,
735 2897 844 2960 quia
867 2895 959 2952 alii,
994 2896 1164 2960 quibus
1187 2896 1332 2956 fidem.
1353 2895 1536 2958 habent,
1573 2896 1635 2943 ita
1658 2894 1907 2950 dixerunt,
1942 2908 1987 2942 at
2008 2896 2089 2959 qui
2117 2911 2212 2943 ma-

230 2967 300 3029 gis
314 2965 553 3020 excellent,
586 2963 687 3012 sunt
703 2963 782 3027 qui
801 2978 892 3012 non
916 2979 974 3011 ex
998 2963 1094 3011 aliis
1118 2962 1192 3010 sed
1214 2979 1279 3012 ex-
1295 2962 1336 3011 se
1358 2962 1517 3035 vident
1540 2963 1669 3027 quod
1684 2963 1753 3010 'ita
1778 2962 1830 3010 fit
1850 2983 1863 3016 ;
1889 2970 2060 3016 ⁸verum
2084 2962 2210 3009 enim

229 3048 339 3082 vero
362 3033 610 3099 perceptio,
646 3046 750 3096 quae
773 3029 838 3077 est
859 3030 982 3094 apud
1006 3030 1364 3094 unumquemvis
1390 3027 1649 3086 hominem,
1704 3028 1766 3077 est
1793 3028 1836 3075 in
1863 3029 1992 3076 rebus
2017 3029 2212 3076 munda-

229 3098 333 3154 υἷες
366 3107 471 3147 'non
493 3112 647 3146 autem
673 3097 810 3146 hodie
833 3097 950 3161 apud
977 3097 1178 3161 aliquem
1204 3096 1405 3144 invrebus
1429 3095 1734 3159 spiritualibus
1756 3116 1770 3148 ·‚
1821 3093 2052 3153 causaest,
2103 3096 2213 3159 quia

232 3164 462 3228 spirituale
486 3166 615 3230 quod
635 3165 785 3213 influit
808 3165 857 3212 ὅτ
882 3162 986 3211 facit
1012 3162 1366 3227 perceptionem,
1400 3162 1685 3211 obscuratum
1710 3161 1772 3210 est
1796 3162 1845 3210 &
1870 3177 2002 3225 paene
2026 3161 2215 3209 exstinc-

233 3242 336 3281 tum
361 3246 385 3278 a
394 3228 615 3298 jucundis
639 3231 807 3282 amoris
833 3230 991 3282 mundi
1018 3232 1066 3280 δε
1092 3230 1186 3283 sui;
1223 3226 1503 3296 quapropter
1528 3245 1608 3278 nec
1634 3229 1721 3277 illis
1744 3244 1862 3276 curae
1886 3227 1986 3277 sunt
2012 3226 2218 3340 spiritpa'-

366 3309 369 3313 ·
1115 3298 1176 3348 Μ
1204 3313 1254 3345 m
1292 3313 1317 3345 2
2161 3293 2224 3351 ia„
