2566 3640
472 226 779 299 CAPUT
811 222 1662 313 QUADRAGESIMUM
1691 224 2087 295 NoNUM.
2158 248 2208 314 4
2210 246 2292 314 53

322 362 372 413 in
395 363 661 428 praestandis
693 363 862 420 usibuS,
899 362 986 410 hoc
1012 361 1096 409 illis
1121 360 1183 407 est
1209 359 1464 424 jucundum
1489 374 1546 408 ex
1585 359 1726 417 bone,
1761 360 1883 409 &in
1923 359 2147 425 sapiendis
2177 361 2297 410 veris

321 432 387 480 ob
410 431 550 478 finem
574 428 760 485 usuum,
797 429 883 475 hoc
907 428 994 476 illis
1017 427 1080 474 est
1098 443 1330 475 amaenum
1356 443 1412 473 ex
1435 443 1556 476 vero.

389 496 482 554 641
498 512 537 543 1.
572 494 710 541 Vers:
738 510 808 541 11:
855 493 1072 556 Naphtali
1092 508 1223 541 cerva
1250 493 1429 557 dimzffa,
1466 491 1572 540 dans
1597 493 1808 554 sermones
1829 493 2058 558 elegantiae.
2129 493 2294 556 Naph-

321 561 418 618 tali,
456 561 674 624 fignificat
697 559 859 608 statum
885 560 987 624 post
1010 559 1307 608 tentationes:
1343 574 1474 605 cerva
1508 559 1704 614 dimiffa,
1742 558 1960 622 fignificat
1984 561 2187 610 *liberum
2226 559 2291 607 af-

317 626 528 675 feffionis
559 626 803 674 naturalis:
839 625 948 673 dans
971 625 1193 676 sermones
1215 625 1473 687 elegantiae,
1525 625 1749 685 fignificat
1775 625 1981 674 laetitiam
2017 629 2198 677 mentis.

383 694 532 750 6412.
568 692 806 756 Naphtali‚
840 691 968 756 quod
1008 691 1229 755 fignificet
1253 690 1418 738 statum
1459 689 1560 751 post
1585 691 1869 748 tentationes,
1902 692 2076 740 constat
2118 710 2176 741 ex
2220 707 2289 739 re-

307 757 654 823 praesentatIOne
687 757 930 822 Naphtali,
964 756 1093 821 quod
1114 756 1169 803 fit
1189 758 1396 812 tentatio,
1442 756 1494 803 δε
1509 770 1696 820 quoque
1716 755 1850 804 status
1874 758 1974 820 post
1997 761 2285 816 tentationes,

306 824 367 872 de
388 840 478 888 qua
519 839 579 871 n:
603 838 747 887 3927·
775 827 901 885 3928
925 843 942 877 ς
979 822 1043 870 est
1066 823 1206 870 etiam
1232 819 1460 886 Naphtali
1483 837 1508 868 a
1529 820 1868 879 luEtationibus,
1903 839 2011 888 quae
2034 826 2081 871 in
2107 825 2284 889 spiritu-

307 889 367 938 ali
393 889 519 938 sensu
544 888 645 937 sunt
668 887 954 944 tentationes,
990 889 1264 935 nominatus,

375 956 523 1017 6413.
560 955 706 1001 Cerva
729 952 925 1009 dimiffa,
960 953 1086 1018 quod
1112 953 1334 1016 significet
1356 953 1548 1001 liberum
1577 953 1828 1001 affectionis
1854 956 2078 1013 naturalis,
2112 957 2286 1006 constat

301 1037 363 1069 ex
403 1018 729 1083 significatione
767 1034 936 1076 cervae,
971 1017 1099 1082 quod
1138 1019 1193 1066 sit
1228 1018 1410 1067 affestio
1452 1019 1678 1075 naturalis,
1713 1021 1771 1066 de
1793 1036 1885 1083 qua
1914 1020 2144 1086 sequitur3
2179 1024 2228 1071 &
2252 1040 2282 1071 a

306 1086 636 1150 fignificatione
658 1084 853 1141 dimiffa,
887 1085 1014 1149 quod
1038 1084 1092 1132 fit
1128 1084 1342 1141 liberum,
1379 1101 1484 1132 nam
1524 1099 1631 1133 cum
1671 1101 1802 1132 cerva
1839 1099 1966 1150 capta
2006 1089 2280 1146 dimittitur,

301 1163 414 1200 tunc
436 1151 479 1199 ei
515 1152 740 1199 liberum:
776 1150 983 1199 liberatio
1021 1150 1164 1198 astatu
1205 1151 1508 1199 tentationum
1553 1164 1839 1214 comparatur
1881 1167 2031 1202 cervae
2068 1155 2281 1212 dimiffae‚

302 1218 413 1282 quia
433 1219 579 1266 Cerva
596 1216 659 1264 est
676 1217 842 1264 animal
860 1215 1089 1278 sylvestre,
1113 1217 1365 1265 libertatem
1381 1233 1480 1280 prae
1498 1216 1684 1280 reliquis
1701 1233 1873 1279 amans,
1891 1220 1962 1266 cui
1985 1219 2126 1266 fimile
2142 1223 2281 1268 etiarn

302 1284 369 1331 est
393 1284 605 1340 naturale,
642 1298 746 1330 nam
770 1283 856 1331 hoc
880 1282 926 1329 in
938 1280 1147 1345 jucundo
1161 1281 1452 1330 affectionum
1477 1282 1652 1329 suarum
1671 1295 1795 1330 amat
1812 1283 1914 1341 effe,
1952 1286 2142 1348 proinde
2160 1288 2205 1332 in
2225 1283 2283 1333 liss

304 1349 430 1406 bero,
466 1366 572 1398 nam
596 1349 791 1397 liberum
821 1347 887 1395 est
909 1349 1035 1413 quod
1059 1348 1122 1396 est
1145 1347 1411 1396 affectionis.
1482 1348 1627 1414 Qod
1668 1364 1748 1411 per
1771 1348 1966 1398 Cervam
2003 1351 2282 1412 significetur

302 1415 486 1463 affectio
526 1415 753 1471 naturalis,
788 1414 868 1470 est,
907 1413 1015 1479 quia
1038 1413 1101 1461 est
1140 1415 1255 1462 inter
1278 1414 1436 1462 bestias
1474 1413 1790 1475 significativas
1824 1415 2135 1475 affectionum,
2169 1433 2279 1481 quae

300 1481 408 1529 sunt
431 1497 589 1530 omnes
610 1498 716 1545 quae
739 1495 825 1544 pro
847 1481 953 1529 cibo
976 1480 1076 1528 sunt
1098 1496 1148 1528 ac
1188 1480 1337 1537 utiles,
1392 1479 1502 1528 ficut
1544 1480 1673 1542 agni,
1726 1496 1852 1537 oves,
1908 1497 2075 1545 caprae,
2133 1483 2283 1541 haedi,

305 1547 437 1604 hirci,
471 1559 572 1596 tum
591 1548 752 1601 boveS,
776 1545 983 1608 juvenci,
1019 1547 1069 1593 &
1100 1562 1288 1609 quoque
1304 1562 1469 1602 vaccae,
1505 1545 1578 1593 sed
1614 1546 1689 1593 hae
1723 1546 1877 1594 bestiae
1906 1547 2005 1595 sunt
2026 1548 2165 1597 etiam
2189 1549 2279 1612 fig-

303 1613 550 1661 nificativae
571 1611 871 1660 affeffionum
897 1610 1210 1675 spiritualium,
1245 1612 1354 1676 quia
1376 1613 1435 1658 ab
1468 1610 1555 1657 illis
1587 1610 1845 1659 holocausta
1878 1613 1928 1660 &
1962 1613 2169 1662 sacrificia
2193 1617 2279 1664 fie-

302 1679 428 1735 bant,
464 1679 608 1727 Cerva
629 1690 800 1732 autem,
835 1678 943 1740 quia
967 1692 1057 1724 non
1081 1678 1137 1725 ad
1176 1677 1311 1726 talem
1352 1677 1483 1724 usum
1506 1675 1856 1735 adhibebantur,
1893 1677 2204 1742 fignificativae
2227 1697 2277 1729 e-

299 1758 401 1793 rant
422 1744 720 1792 affectionum
747 1743 1049 1797 naturalium;
1084 1743 1210 1806 quod
1231 1742 1384 1790 bestiae
1405 1742 1656 1804 significent
1685 1741 1961 1802 affectiones,
1985 1746 2195 1794 videatur
2217 1764 2274 1796 n:

299 1808 2271 1877 45·46·142-143-246·714·715·719·776·1823-2179·2¹80·35¹9·5¹98;

298 1879 352 1926 &
376 1875 502 1942 quod
538 1875 794 1938 significent
815 1873 1096 1932 affeetiones,
1131 1874 1186 1921 fit
1209 1889 1266 1920 ex
1307 1873 1681 1937 repraesentativis
1722 1874 1768 1939 in
1805 1877 1983 1923 mundo
2015 1878 2271 1940 spirituum,

302 1960 364 1990 n:
394 1945 540 2004 3218.
565 1945 708 2004 5850.
779 1939 1062 1988 ΑΗὶτέὶίοιιεε
1093 1939 1309 1988 naturales
1346 1956 1426 2003 per
1448 1938 1615 1987 Cervas
1652 1941 1787 1987 etiam
1813 1941 2126 2002 significantur
2147 1945 2271 2008 apud

298 2007 531 2056 Davidem
567 2016 599 2037 “
623 2006 1002 2069 Jehovahfimiles
1013 2006 1136 2069 facit
1152 2004 1272 2068 pedes
1306 2021 1412 2054 meos
1438 2005 1556 2064 ficut
1576 2021 1819 2070 cervarum,
1856 2008 1907 2054 δι’
1930 2008 2061 2071 super
2082 2011 2267 2060 excelsis

299 2074 412 2123 meis
434 2073 621 2121 collocat
643 2075 719 2120 me
735 2074 766 2095 '³
815 2071 990 2119 Psalm:
1015 2087 1148 2119 xviri
1172 2089 1184 2118 ε
1212 2088 1307 2133 34:
1359 2072 1408 2119 δε
1431 2072 1557 2133 apud
1581 2071 1821 2120 Habakuk
1874 2081 1909 2103 “
1935 2074 2137 2136 Jehovih
2164 2077 2269 2123 Do-

295 2140 449 2189 minus
472 2138 694 2187 fortitudo
719 2152 834 2192 mea,
873 2137 970 2200 Qi
991 2138 1112 2200 ponit
1128 2136 1251 2200 pedes
1273 2152 1381 2184 meos
1407 2137 1525 2197 ficut
1546 2153 1794 2195 cervarum,
1827 2139 1878 2187 ὅτ.
1918 2141 2045 2203 {uper
2079 2143 2265 2189 excellis

293 2208 410 2254 meis
434 2204 637 2254 incedere
660 2202 765 2252 facit
783 2219 857 2250 me
876 2202 908 2222 ”
935 2219 980 2251 ιι
996 2220 1036 2252 1:
1069 2218 1124 2267 19
1147 2224 1162 2259 3
1198 2219 1365 2266 ponere
1388 2205 1525 2267 pedes
1548 2204 1661 2250 ficut
1683 2219 1915 2251 cervarum
1956 2222 2040 2269 pro
2064 2209 2264 2257 naturale

292 2272 344 2319 in
368 2272 569 2319 libertate
591 2269 906 2325 affestionum,
938 2268 1066 2332 quod
1091 2269 1226 2332 pedes
1263 2269 1348 2319 fint
1365 2270 1584 2327 naturale,
1621 2270 1828 2317 videatur
1850 2287 1907 2317 n:
1943 2274 2086 2322 2162.
2114 2290 2262 2338 3¹47·

297 2338 444 2401 3761,
471 2339 613 2401 3986.
637 2340 784 2396 4280.
809 2338 938 2400 4938
964 2334 1021 2382 ad
1050 2350 1197 2398 4952.
1224 2351 1370 2401 5327.
1398 2340 1554 2400 53283
1593 2337 1722 2400 quod
1761 2352 1930 2399 ponere
1969 2338 2106 2401 pedes
2145 2341 2260 2389 ficut

293 2418 531 2451 cervarum
557 2403 603 2451 id
627 2403 695 2459 fit,
731 2402 930 2450 constare
955 2401 1099 2464 potest
1117 2417 1174 2449 ex
1197 2419 1268 2458 eo,
1303 2404 1426 2465 quod
1453 2402 1595 2450 facere
1618 2402 1756 2466 pedes
1779 2403 1891 2451 ficut
1911 2419 2143 2454 cervarum
2163 2407 2262 2468 agi-

292 2468 376 2515 iles
398 2469 448 2516 &c
469 2468 526 2517 ad
551 2468 822 2517 currendum
849 2467 1019 2516 habiles
1044 2482 1134 2514 non
1158 2468 1333 2532 aliquid
1355 2468 1582 2532 spirituale
1599 2469 1667 2524 fit,
1703 2469 1827 2532 quod
1846 2481 1922 2517 aut
1940 2470 2166 2534 spirituale
2191 2473 2260 2520 in-

295 2535 466 2590 volvat,
502 2547 628 2597 patet
652 2534 714 2581 ibi
752 2550 776 2580 a
801 2550 912 2581 mox
937 2533 1245 2597 sequentibuS‚
1284 2534 1410 2598 quod
1436 2533 1645 2596 Jehovah
1688 2533 1818 2597 super
1849 2536 2027 2582 excelsis
2064 2537 2258 2586 collocet

291 2601 345 2647 δε
369 2600 571 2647 incedere
593 2599 739 2656 faciat,
775 2615 856 2662 per
878 2616 983 2664 quae
1007 2599 1279 2660 fignificatur
1301 2600 1480 2647 affectio
1504 2599 1761 2663 spiritualis,
1794 2616 1902 2664 quae
1925 2601 2054 2664 supra
2077 2617 2258 2653 natura·-

296 2666 385 2713 lem
411 2665 506 2720 est;
542 2665 744 2714 similiter
768 2666 809 2714 se
834 2665 967 2713 habet
989 2680 1094 2712 cum
1120 2665 1208 2714 hoc
1229 2667 1350 2730 apud
1378 2665 1557 2712 Esaiam
1595 2673 1628 2695 “
1651 2665 1784 2713 Saliet
1810 2666 1923 2727 ficut
1958 2669 2121 2717 Cervus
2142 2671 2258 2724 clau÷

291 2730 416 2778 dus⁹²
442 2747 592 2779 xxxv:
629 2732 676 2787 6,
712 2747 790 2795 per
811 2731 1026 2778 claudum
1062 2731 1185 2780 enim
1227 2732 1496 2795 significatur
1519 2733 1599 2794 qui
1636 2731 1680 2778 in
1707 2733 1844 2788 bon0,
1883 2733 1955 2780 sed
1979 2750 2070 2782 non
2103 2737 2254 2784 adhuc

286 2797 508 2858 genuino,
545 2814 573 2844 n
593 2815 604 2844 ε
628 2812 775 2859 4302·
845 2797 988 2860 Apud
1013 2797 1243 2845 Davidem
1281 2808 1311 2828 “
1337 2801 1454 2846 Sicut
1480 2797 1647 2846 Cervus
1679 2800 1951 2861 vociferatur
1971 2802 2104 2863 super
2141 2805 2253 2851 rivis

287 2880 514 2926 aquarum,
552 2863 610 2910 fic
632 2863 781 2909 anima
821 2879 923 2910 mea
947 2862 1213 2911 vociferatur
1253 2866 1309 2913 ad
1336 2862 1461 2911 Te''
1507 2863 1835 2912 Psa1m2xt11:
1880 2882 1925 2920 2,
1963 2867 2138 2915 Cervus
2176 2869 2252 2916 hic

288 2945 374 2991 pro
426 2928 662 2975 affectione
701 2927 829 2984 Veri,
866 2927 1099 2976 vociferari
1135 2930 1266 2993 super
1305 2931 1411 2978 rivis
1452 2945 1687 2993 aquarum,
1725 2946 1808 2993 pro
1851 2931 2094 2980 desiderare
2130 2950 2255 2992 vera,

287 2994 413 3057 quod
444 3010 577 3058 aquae
613 2995 698 3041 sint
729 3009 851 3050 vera,
887 2993 1092 3041 videatur
1116 3012 1172 3041 n:
1197 3011 1339 3056 2702.
1370 3000 1512 3058 3058.
1541 3012 1685 3058 3424.
1715 2997 1860 3057 4976.
1888 2997 2034 3057 5668.
2103 3001 2254 3065 Apud

288 3059 537 3118 jeremiam
574 3068 606 3089 “
632 3058 796 3107 Exivit
819 3074 844 3106 e
867 3059 978 3115 filia,
1012 3060 1171 3107 Zionis
1194 3062 1342 3108 omnis
1366 3062 1511 3109 honor
1533 3059 1641 3123 ejus,
1666 3062 1784 3124 fabii
1795 3061 1899 3124 fimt
1918 3066 2129 3126 principes
2163 3068 2254 3130 ejus

270 3124 390 3185 ficut
411 3128 545 3181 cervi,
585 3142 662 3173 non
687 3127 935 3174 invenerunt
971 3126 1166 3187 pascuum
1184 3125 1215 3148 '’
1239 3129 1284 3174 T
1289 3129 1395 3175 hren
1407 3145 1426 3182 ‚2
1460 3145 1498 3174 1:
1521 3127 1568 3183 6,
1604 3128 1696 3174 filia
1719 3127 1879 3174 Zionis
1904 3145 1987 3192 pro
2010 3131 2255 3180 affeetione

288 3190 415 3247 boni,
452 3207 560 3255 quae
579 3191 797 3241 Ecclefiae
821 3189 1030 3250 coelestiS,
1067 3207 1125 3240 n:
1152 3209 1176 3240 2
1186 3193 1276 3260 362
1297 3216 1316 3251 -3
1353 3192 1578 3259 prssncipes
1603 3209 1687 3258 pro
1710 3193 1831 3242 illius
1855 3193 2068 3245 Ecclefiae
2085 3199 2255 3263 prima-

2184 3278 2264 3317 trs
