2606 3646
316 222 623 304 CAPUT
652 179 1499 312 QUADRAGQSIMUM
1528 188 2036 313 QUARTUM.
2099 251 2236 317 ψ

229 361 233 366 ’
252 350 402 427 tenti,
414 346 596 432 pqfflmt
606 355 735 411 enim
749 352 886 410 mali
883 350 1102 426 spiritus
1118 360 1352 406 momento
1368 350 1510 422 abigi
1523 351 1570 408 fi
1577 348 1839 422 velforent
1852 351 2105 421 myriades
2117 355 2227 407 cir-

251 449 362 488 cum
381 430 639 497 hominem,
676 424 748 485 &⁵
769 426 966 496 quidem
991 436 1258 496 perunum
1279 425 1525 496 angelum,
1578 423 1640 476 ed
1659 432 1775 477 tunc
1798 424 1934 478 homo
1955 425 2150 480 veniret
2172 426 2226 480 in

253 504 417 558 talem
438 491 741 567 cruciatum,
789 495 864 557 &³
887 498 942 552 in
964 498 1077 551 tale
1096 493 1362 570 iiffernum,
1405 505 1465 550 ut
1476 494 1554 567 [iq
1565 495 1705 550 inere
1725 512 2051 566 nequaquam
2064 499 2224 569 poffit‚

243 591 367 630 nam
380 572 601 701 vitczsua
616 571 785 642 misere
808 571 1167 642 deprivaretur
1188 590 1205 637 3
1242 570 1363 623 vita
1385 568 1516 624 enim
1539 569 1748 623 hominis
1763 567 1824 640 est
1836 585 1902 621 ex
1915 571 2217 639 cupiditati-

247 646 339 701 bus
358 643 431 705 ἔθ’
449 657 483 717 p
518 645 734 716 antasiis
754 652 932 698 contra
948 642 1126 696 bonum
1149 638 1222 699 ἔθ’
1243 653 1455 709 wrum3
1494 641 1588 713 nisi
1600 650 1688 710 per
1713 641 1875 696 malos
1877 637 2098 710 spiritus
2116 644 2218 699 illa

224 719 364 775 *vita
382 717 725 791 stistinet-etur,
757 714 913 790 &stc
947 715 1302 780 emenderetur,
1340 714 1416 767 ad
1431 714 1691 767 minimum
1708 715 2000 781 duceretur,
2034 732 2094 769 ne
2114 719 2226 771 mi·-¹

245 801 425 846 nutum
443 791 675 862 temporis
678 787 1062 860 superviveret,
1100 787 1149 840 ei
1175 787 1307 840 enim
1338 785 1466 840 nihil
1482 784 1628 839 aliud
1655 785 1848 858 inficiet,
1886 803 2046 857 quam
2065 806 2213 844 amor

127 875 132 878 '
228 861 320 932 fi‘i
333 862 405 922 δέ
419 863 571 930 lucri,
608 857 941 932 atqctefamae
956 867 1152 930 propter
1169 858 1290 927 illa,
1328 850 1411 912 ita
1428 857 1675 927 quicquid
1685 856 1748 929 est
1760 866 1939 914 contra
1958 859 2180 916 ordinem
2195 887 2221 933 3.

245 953 408 1005 quare
427 937 519 1006 nisi
532 935 848 1005 redigeretur
868 932 923 987 in
946 931 1164 987 ordinem
1195 931 1475 999 moderate,
1526 927 1599 988 θ’
1618 941 1705 1001 per
1713 933 1940 1003 gradus,
1980 942 2071 1002 per
2090 935 2228 990 duc«

249 1017 360 1064 tum
376 1006 484 1081 eius
499 1006 673 1074 liberi,
708 1004 990 1077 exspiraret
1009 1002 1162 1059 illice.
1496 1030 1511 1042 x

322 1083 486 1149 5855.
519 1082 819 1149 Antequam
842 1085 1080 1148 apertum
1099 1073 1370 1147 mihifuit,
1406 1085 1464 1131 ut
1482 1075 1710 1145 loquerer
1731 1092 1847 1131 cum
1839 1077 2128 1151 spiritibus,
2164 1081 2227 1137 in‘

244 1154 458 1224 opinione
456 1152 576 1224 fui,
613 1152 744 1221 quod
752 1150 1004 1222 vnuffluam
1021 1147 1215 1220 aliquis
1215 1146 1475 1222 spiritus,
1491 1167 1575 1203 nec
1596 1149 1843 1222 Angelus,
1861 1150 1999 1223 scire
2022 1150 2097 1209 θ’
2120 1165 2224 1223 per-

245 1226 405 1298 cipere
416 1224 637 1297 potuiffet
654 1241 800 1278 meas
819 1222 1161 1293 cogitationes,
1184 1222 1313 1291 quia
1333 1220 1482 1275 intra
1500 1238 1598 1291 me,
1619 1231 1799 1293 prater
1813 1226 1943 1293 quod
1938 1221 2079 1294 solus
2098 1227 2220 1280 De-

249 1314 312 1351 us
329 1320 346 1368 ς
366 1299 531 1369 ssmel
559 1307 674 1352 tunc
694 1296 920 1370 contigit,
956 1295 1088 1365 quod
1109 1294 1595 1363 animadverterem,
1632 1293 1979 1366 quodspiritus
1999 1298 2215 1368 quidam

218 1387 227 1397 ·
225 1368 387 1442 sciret
415 1371 545 1442 quid
562 1370 857 1441 cogitarem,
884 1384 1008 1422 nam
1029 1365 1331 1438 loquebatur
1354 1383 1548 1439 mecum
1567 1369 1627 1421 de
1647 1366 1775 1436 illis,
1808 1370 1987 1440 paucis
2016 1370 2219 1441 “verbiS,

245 1441 320 1502 θ’
337 1445 571 1499 indicium
602 1443 744 1497 dedit
758 1438 1024 1512 prasentia
1050 1451 1141 1511 per
1175 1439 1425 1508 quoddam
1431 1440 1668 1514 signum}
1715 1457 1808 1510 quo
1838 1440 2213 1513 obstupzffatlus,

234 1519 479 1588 precipue
489 1516 619 1588 quod
608 1514 770 1586 sciret
785 1531 903 1568 mea
918 1512 1151 1584 cogitata
1169 1530 1183 1564 :
1221 1512 1333 1566 inde
1352 1510 1626 1582 mutabat,
1661 1528 1820 1581 quam
1837 1515 2105 1592 dfflcilefit
2123 1517 2209 1581 ho-

245 1590 370 1644 mini
390 1593 608 1658 credere,
644 1588 778 1657 quod.
790 1587 987 1656 aliquis
991 1581 1210 1656 spiritus
1209 1582 1355 1655 sciat
1386 1585 1514 1654 quid
1538 1587 1730 1656 cogitat
1743 1605 1767 1654 3-
1789 1604 1907 1642 cum
1923 1598 2099 1643 tamen
2119 1608 2218 1644 non

229 1660 508 1733 solumscit
527 1661 758 1734 cogitata
777 1675 891 1729 quae
909 1655 1008 1731 ipse
1030 1656 1185 1725 homo,
1202 1655 1300 1727 fi'd
1317 1657 1481 1712 etiam
1511 1658 1727 1712 minima
1758 1660 2113 1730 cogitationum
2137 1660 2210 1720 δῖ’

240 1733 579 1806 affet‘t'ionum,
612 1750 720 1805 quae
741 1750 832 1788 non
849 1731 1016 1799 hom03
1054 1730 1151 1784 imo
1178 1730 1344 1799 talia,
1389 1747 1502 1801 quae
1523 1730 1766 1803 nusquam
1786 1731 1840 1786 in
1860 1734 1985 1788 vita·
1998 1736 2213 1806 corporis

231 1807 362 1880 scire
377 1807 552 1881 potest:
592 1809 679 1883 hoc
697 1822 763 1860 ex
784 1804 1020 1860 continua
1036 1801 1255 1873 plurium
1276 1819 1521 1858 annorum
1540 1804 1870 1875 experientia,
1866 1804 1986 1876 scio.

314 1883 383 1948 58
386 1879 457 1948 56
460 1878 949 1936 communicationes
949 1874 1248 1947 societatum
1260 1892 1377 1930 cum
1383 1875 1511 1933 aliis
1547 1878 1996 1952 ocietatibusflunt
2007 1892 2097 1953 per
2095 1882 2208 1954 spi-

245 1953 388 2008 ritus
399 1969 519 2023 quos
532 1953 792 2020 emittunt,
830 1948 905 2010 θ’
917 1960 1008 2021 per
1025 1965 1148 2020 quos
1161 1947 1467 2018 loquuntur,
1501 1947 1690 2019 piritus
1699 1949 1782 2004 illi
1797 1963 2043 2008 vocantur
2062 1953 2216 2010 Son-r

248 2040 455 2092 JEc'rA:
480 2043 590 2081 cum
599 2025 739 2098 apud
751 2040 830 2079 me
826 2021 1051 2092 societas
1065 2020 1255 2091 aliqua
1273 2019 1474 2094 adeſjet,
1510 2039 1598 2077 non
1608 2024 1746 2093 potui
1740 2021 1908 2094 stire,
1926 2037 2207 2098 antequam

241 2097 741 2170 emfferintspiritum,
777 2113 874 2167 quo
895 2094 1024 2220 mffi
1042 2093 1177 2148 illico
1199 2093 1573 2149 communicatio
1601 2105 1787 2166 aperta
1810 2106 1963 2152 erat:
2003 2102 2087 2156 hoc
2102 2105 2204 2160 ad-

240 2173 438 2226 modum
465 2168 746 2240 familiare
765 2187 793 2222 e
846 2168 901 2224 in
919 2186 956 2222 a
978 2177 1101 2223 tera
1120 2166 1262 2235 vita,
1300 2163 1676 2239 &frequenter
1683 2169 1773 2240 fit.
1844 2171 1962 2224 Inde
1983 2173 2203 2248 constare

226 2242 400 2318 potest,
424 2241 753 2322 quodspiritus
858 2239 1066 2314 Angeli,
1101 2239 1191 2310 qui
1204 2240 1336 2311 apud
1345 2239 1603 2310 hominem,
1625 2241 1729 2310 fint
1746 2246 2203 2304 communicationis

236 2314 390 2386 causa
409 2334 525 2372 cum
533 2313 862 2386 societatibus
882 2314 935 2369 in
954 2311 1166 2386 liffeim,
1204 2311 1279 2372 θ’
1299 2330 1411 2368 cum
1415 2312 1745 2384 societatibus
1767 2317 1823 2371 in
1848 2316 1978 2371 ccelo.

309 2391 467 2458 5857.
501 2392 753 2460 loquutus
761 2387 878 2459 fitne
909 2385 1176 2458 aliquoties
1211 2403 1326 2441 cum
1328 2385 1598 2460 spiritibus
1617 2389 1679 2441 de
1689 2398 1794 2458 prae
1814 2390 2085 2447 excellente
2086 2392 2206 2465 fa·-

237 2461 437 2518 cultate
456 2479 568 2533 quae
585 2461 696 2517 illis
713 2473 816 2533 prae
837 2460 1043 2530 homine,
1070 2459 1199 2529 quod
1214 2459 1433 2515 induant
1451 2459 1528 2514 ad
1545 2461 1773 2531 primum·
1791 2463 2067 2519 adventum
2089 2485 2196 2523 om-

236 2534 329 2588 'nia
353 2536 599 2590 memoria
626 2531 852 2602 hominis,
893 2530 967 2591 θ’
990 2531 1199 2604 tamezss
1208 2531 1341 2586 nihil
1347 2530 1599 2602 sciverint
1613 2533 1767 2604 prius
1785 2537 1845 2589 de
1841 2534 2095 2606 scientiis,
2140 2542 2202 2595 de

242 2605 316 2660 lin
346 2608 446 2674 uis,
501 2608 658 2675 deque
677 2606 826 2662 rebus
846 2623 979 2676 quas
999 2607 1133 2661 homo
1156 2602 1226 2657 ab
1247 2601 1475 2676 nfantia
1497 2602 1646 2674 usque
1668 2605 2000 2676 adsinetlam
2021 2613 2201 2667 didicit

335 2679 534 2747 imbuit,
559 2677 706 2749 usque
725 2687 958 2734 momento
975 2681 1031 2733 in
1047 2675 1340 2750 pofflffionem
1361 2677 1574 2731 omnium
1588 2678 1831 2750 veniant,
1866 2679 1940 2740 ἐπ’
1961 2685 2092 2752 quod
2118 2687 2211 2740 ita
2308 2747 2310 2749 ,

243 2755 377 2823 apud
386 2752 605 2807 eruditos
604 2751 716 2823 sint
728 2751 936 2818 eruditi,
961 2753 1096 2822 apud
1109 2748 1361 2821 ingeniffos
1386 2750 1627 2827 ingeniaess,
1656 2753 1796 2811 apud
1801 2754 2064 2822 prudentes
2074 2767 2207 2827 pru-

236 2826 425 2881 dentes.
498 2826 591 2877 Ex
609 2824 692 2878 his
715 2823 926 2894 animcfi
935 2821 1082 2896 falli
1098 2821 1219 2893 sunt
1227 2821 1439 2894 spiritus
1467 2822 1569 2890 illi,
1606 2835 1760 2879 erant
1787 2827 1919 2879 enim
1950 2846 2040 2881 non
2071 2829 2211 2901 boni,

135 2951 140 2955 ,
173 2953 177 2958 ,
238 2907 541 2970 quapropter
564 2897 641 2950 ad
658 2895 773 2950 illos
795 2897 957 2950 etiam
979 2895 1143 2949 dicere
1163 2895 1345 2949 datum
1357 2893 1447 3025 gl,
1481 2896 1608 2965 quod
1636 2894 1771 2966 apud
1794 2897 2003 2954 indofi‘os
2026 2901 2207 2958 indobi'i

224 2970 350 3043 fini,
387 2970 521 3042 apud
520 2966 743 3040 stupidos
747 2967 957 3038 stupidi,
994 2968 1132 3037 apud
1147 2965 1339 3045 insanos
1432 2966 1623 3037 fatuos
1642 2967 1728 3041 inff
1718 2970 1810 3024 ani
1828 2969 1902 3041 ᾤ’
1902 2971 2076 3045 fatui,
2121 2977 2212 3031 in-

245 3043 407 3097 duunt
421 3044 555 3097 enim
579 3043 745 3097 omnia
766 3041 1017 3095 interiora
1035 3039 1243 3094 hominis
1263 3040 1396 3110 apud
1404 3056 1550 3110 quem
1557 3038 1690 3111 sunt,
1731 3043 1814 3097 ita
1837 3061 2030 3116 quoque
2049 3042 2210 3104 omnes

137 3153 143 3158 -
244 3110 652 3186 q'usfallacia5‚
682 3115 979 3191 phantafias
1013 3109 1260 3184 &falsa‚
1298 3111 1628 3182 cordequenter
1651 3112 1753 3184 ejus
1776 3117 2001 3186 iiyanias
2025 3117 2219 3192 &fa-

244 3186 482 3243 tuitates.
551 3188 645 3245 Ad
685 3187 912 3259 itffantes
935 3194 1108 3244 autem
1132 3183 1266 3242 mali
1269 3180 1489 3257 spiritus
1513 3202 1603 3242 non
1618 3186 1800 3258 poffltnt
1823 3191 2073 3260 accedere,
2089 3198 2214 3263 quia

2021 3269 2235 3325 nondum
