2606 3646
404 210 535 279 288
809 180 2094 269 GENESJSQ

407 332 539 384 vivit,
574 328 710 378 ibo&
727 329 874 376 videbo
891 329 1026 384 illum,
1061 338 1281 392 antequam
1300 333 1470 377 morior.
1541 329 1606 376 Et
1623 325 1956 378 dimifitfratres
1974 329 2359 392 suos&iverunr‚

411 395 634 457 fignificat
669 395 1042 441 occultationem:
1078 395 1128 440 &
1159 395 1273 442 dixit
1298 395 1352 440 ad
1377 395 1494 449 illos,
1533 409 1588 440 ne
1624 395 1904 442 contendatis
1940 397 1984 443 in
2019 396 2110 452 via,
2145 395 2364 459 significat

410 461 747 522 perceptionem
772 459 921 503 datam
956 469 1004 502 ut
1028 459 1073 502 in
1099 458 1337 519 tranquillo
1362 458 1476 504 fint:
1513 459 1562 504 δι
1584 457 1867 507 ascenderunt
1889 476 1946 507 ex
1968 461 2192 524 AEgyptO,
2209 462 2364 524 *signi-

412 525 515 569 ficar
539 526 814 569 recessionem
841 538 865 567 a
889 521 1136 567 scientificis
1162 522 1401 568 Ecclefiae:
1438 525 1488 569 &
1510 534 1727 567 venerunt
1757 536 1919 571 terram
1947 527 2123 573 Canaan
2147 525 2203 572 ad
2233 527 2365 585 Jaco-

413 589 526 633 bum
545 601 716 648 patrem
736 587 882 641 suum,
918 587 1138 645 fignificat
1162 586 1481 635 habitationem
1503 585 1578 632 ubi
1597 586 1768 633 bonum
1793 590 1984 636 naturale
2001 607 2091 650 non
2109 589 2363 653 spirituale:

407 656 458 699 δε
484 653 791 698 indicaverunt
816 651 897 705 illi,
930 651 1137 706 dicendo,
1174 652 1397 712 fignificat
1435 651 1658 699 influxum
1682 652 1731 698 &
1757 654 2182 717 apperceptionem:
2218 657 2367 706 adhuc

412 716 584 779 Joseph
612 717 743 772 vivit,
781 716 1001 776 significat
1017 716 1140 777 quod
1162 716 1395 764 Internum
1424 732 1513 763 non
1539 714 1751 776 rejectum
1775 732 1785 762 :
1822 717 1872 765 δε
1892 718 2015 781 quod
2033 719 2108 766 ille
2125 720 2367 772 dominans

417 784 465 829 in
490 780 617 828 omni
641 794 757 828 terra
779 781 992 844 AEgypti‚
1017 780 1238 843 fignificat
1260 781 1384 844 quod
1410 781 1548 828 Mens
1568 781 1787 829 naturalis
1812 780 1893 828 sub
1914 781 2006 845 ejus
2036 777 2255 847 potestate
2278 789 2362 836 fit:

412 850 467 894 &
502 845 665 893 defecit
687 861 763 891 cor
784 843 895 904 ejus,
929 845 1036 907 quia
1060 861 1151 891 non
1174 847 1364 893 credidit
1393 846 1496 900 illis,
1531 846 1753 906 fignificat
1788 846 2088 895 deficientiam
2112 850 2221 897 vitae
2240 865 2367 903 natu-

415 913 536 967 ralis,
571 911 621 957 δε
645 910 748 956 inde
773 910 1020 957 intellectus
1041 927 1052 955 ε
1087 911 1134 958 &
1161 911 1338 977 loquuti
1361 911 1460 958 sunt
1482 912 1538 958 ad
1564 910 1692 958 illum
1716 912 1871 957 omnia
1890 913 2024 960 verba
2047 914 2237 979 Josephi
2259 933 2367 980 quae

418 977 632 1039 loquutus
655 975 710 1023 ad
734 975 850 1031 illos,
886 975 1104 1036 fignificat
1126 976 1354 1023 influxum
1377 991 1434 1023 ex
1452 975 1623 1024 coelesti
1648 975 1915 1037 spiritualis:
1952 978 2002 1025 &
2028 978 2144 1026 vidit
2165 981 2371 1032 vehicula

415 1056 525 1105 quae
558 1041 674 1088 misit
695 1039 916 1103 Josephus
937 1038 992 1086 ad
1016 1039 1253 1090 ferendum
1289 1041 1437 1095 illum,
1473 1039 1695 1103 fignificat
1727 1040 1992 1089 doctrinalia
2013 1042 2119 1092 inde
2140 1060 2248 1108 quae
2269 1062 2372 1110 per-

415 1107 681 1152 iuaderent:
717 1105 768 1152 δε
791 1103 953 1151 revixit
966 1103 1144 1167 spiritus
1162 1105 1318 1164 Jacobi
1344 1105 1479 1167 patris
1502 1105 1706 1160 illorum,
1741 1104 1961 1167 fignificat
1994 1109 2138 1156 vitam
2170 1126 2337 1162 novam
2356 1130 2370 1159 :

419 1173 472 1218 δε
493 1169 611 1217 dixit
633 1170 779 1224 Israel,
814 1170 1035 1232 fignificat
1057 1172 1226 1219 bonum
1249 1169 1497 1232 spiriturale
1518 1185 1636 1218 nunc
1656 1186 1667 1216 ε
1702 1170 1919 1227 multum,
1953 1172 2101 1220 adhuc
2122 1176 2374 1238 Joseph'fi-

418 1236 503 1281 lius
528 1250 654 1282 meus
678 1234 812 1290 vivit,
867 1233 1088 1295 fignificat
1117 1235 1338 1296 gaudium
1362 1235 1488 1299 quod
1512 1235 1746 1282 Internum
1770 1249 1860 1282 non
1885 1236 2095 1298 perierit:
2129 1239 2207 1287 ibo
2228 1241 2279 1289 ὅτ
2299 1244 2374 1289 vi-

419 1302 541 1347 debo
565 1300 693 1347 illum
716 1312 955 1364 antequam
978 1301 1166 1357 morior,
1199 1300 1416 1363 fignificat
1449 1298 1718 1349 desiderium
1755 1299 2097 1364 conjunctionis,
2131 1317 2375 1370 antequam

422 1380 617 1418 novum.
1233 1395 1241 1401 .

490 1447 516 1491 5
556 1431 635 1477 62.
672 1429 739 1477 Et
772 1429 944 1480 dimisit
978 1428 1130 1481 fratres
1164 1430 1335 1485 suos&
1359 1430 1556 1487 iverunt,
1589 1431 1717 1494 quod
1746 1430 1978 1495 =significet
2009 1434 2379 1494 occultationem,

418 1510 507 1542 con
542 1492 591 1542 'at
613 1510 669 1541 ex
691 1495 1014 1562 significatione
1038 1497 1286 1552 dimittere,
1319 1495 1442 1558 quod
1461 1495 1528 1542 ‚fit
1549 1511 1777 1544 removere
1799 1513 1825 1543 a
1854 1496 1913 1553 se,
1949 1499 2264 1561 consequenter
2285 1518 2377 1549 non

421 1560 572 1622 magis
593 1560 651 1607 fic
674 1561 862 1622 praesens
885 1561 976 1611 effe.
993 1562 1115 1624 apud
1154 1559 1252 1608 illos
1277 1581 1291 1613 3
1325 1562 1375 1608 ὅτ
1397 1575 1422 1606 a
1438 1559 1762 1622 fignificatione
1798 1561 1860 1606 ire
1895 1562 1967 1608 seu
2001 1562 2139 1619 abire,
2173 1567 2299 1628 quod
2325 1568 2379 1614 fit

424 1627 597 1682 vivere,
631 1636 729 1672 tum
748 1627 900 1671 vivere
918 1627 1153 1681 remotius,
1188 1638 1238 1672 ut
1255 1625 1304 1672 δι
1322 1625 1588 1686 relinquere,
1622 1624 1679 1671 de
1701 1641 1790 1690 qua
1813 1640 1841 1670 n
1861 1642 1872 1670 :
1899 1642 1926 1688 3
1933 1644 1956 1687 3
1965 1643 1991 1688 3
1998 1644 2043 1688 5.
2065 1629 2211 1689 3416.
2232 1631 2377 1691 3690.

429 1693 576 1750 4882.
603 1704 748 1750 5493.
776 1689 921 1750 5606,
956 1689 1017 1737 ita
1037 1689 1101 1737 est
1121 1689 1347 1740 occultari.
1416 1689 1555 1752 Qiod
1589 1704 1708 1736 nunc
1723 1691 1780 1739 de
1793 1692 2044 1739 remotione
2065 1707 2092 1738 a
2114 1693 2278 1741 coelesti
2306 1696 2379 1743 In-

422 1768 571 1812 terno,
596 1755 645 1801 δε
662 1755 720 1801 fic
737 1754 794 1801 de
810 1752 904 1816 ejus
920 1754 1234 1810 occultatione,
1256 1766 1429 1815 agatur,
1454 1753 1627 1814 constat
1641 1770 1668 1800 a
1686 1753 1965 1818 sequentibus
1982 1756 2027 1802 in
2048 1756 2166 1804 sensu
2187 1758 2378 1809 interno.

427 1819 530 1884 Qii
553 1835 645 1866 non
678 1817 773 1875 scit,
808 1819 1047 1887 quomodo
1073 1818 1114 1869 se
1132 1819 1267 1870 habet
1287 1834 1395 1867 cum
1418 1818 1532 1865 statu
1554 1818 1664 1866 vitae
1686 1819 1926 1883 spirituum
1961 1821 2009 1868 &
2033 1823 2300 1884 angelorum
2332 1826 2380 1874 in

424 1885 577 1941 coelis,
611 1898 692 1937 nec
716 1884 820 1930 scire
842 1883 1083 1947 potesteur
1098 1900 1218 1932 nunc
1241 1897 1396 1947 agatur
1412 1883 1467 1931 de
1483 1885 1778 1932 occultatione
1800 1883 1961 1933 veri&
1978 1885 2104 1942 boni,
2139 1903 2247 1935 cum
2270 1905 2381 1937 mox

427 1951 554 2015 prius
577 1947 759 2001 fuerant,
773 1950 819 1995 in
842 1949 940 1996 luce
954 1964 1114 1998 eorum
1135 1967 1145 1995 ε
1182 1950 1315 1998 status
1339 1948 1414 2000 ille
1437 1949 1482 1997 in
1504 1949 1625 1996 coelo
1645 1948 1725 2005 est,
1761 1947 1884 2014 quod
1907 1950 2132 2012 spiritibus
2146 1953 2196 2000 δι
2213 1955 2385 2015 angelis

433 2016 521 2064 fint
556 2014 712 2070 Mane,
750 2013 984 2069 Meridies,
1018 2015 1069 2068 ὅτ,
1105 2015 1320 2078 Vespera,
1358 2026 1455 2062 tum
1492 2013 1762 2071 diluculum,
1797 2016 2032 2064 &iterum
2073 2032 2220 2074 mane,
2254 2021 2304 2067 δε
2327 2019 2385 2068 fic

432 2094 603 2147 porro3
639 2094 770 2126 mane
792 2079 1049 2137 eorumest,
1082 2094 1190 2127 cum
1217 2077 1451 2128 Dominus
1475 2078 1664 2142 praesens
1681 2080 1761 2136 est,
1796 2081 1845 2128 δε
1868 2080 1968 2126 illos
1992 2082 2221 2130 manifesta
2243 2082 2387 2133 felici-

431 2158 525 2192 tate
548 2145 668 2201 beat,
703 2143 803 2191 sunt
826 2138 930 2196 tune
947 2144 993 2192 in
1013 2145 1300 2208 perceptione
1319 2144 1424 2197 boni
1446 2165 1460 2197 ;
1497 2144 1712 2194 Meridies
1730 2145 1808 2202 est,
1844 2160 1948 2192 cum
1967 2146 2011 2192 in
2031 2146 2127 2192 luce
2151 2149 2386 2198 veritatum

436 2211 569 2264 sunt3
603 2211 653 2256 &
676 2209 871 2271 vespera,
905 2225 1011 2260 cum
1031 2209 1090 2257 >ab
1112 2210 1199 2257 illis
1221 2223 1527 2265 removentur,
1565 2222 1674 2257 tunc
1696 2223 1878 2273 apparet
1895 2211 1980 2256 illis
2003 2212 2125 2274 quod
2153 2213 2388 2263 Dominus

435 2276 655 2323 remotior
678 2274 747 2330 fit,
782 2274 832 2328 ἅτ
854 2274 1022 2327 abillis
1050 2275 1330 2328 occultatus;
1367 2275 1442 2322 has
1469 2275 1585 2321 vices
1606 2290 1763 2322 omnes
1786 2275 1864 2339 qui
1892 2277 1938 2322 in
1971 2279 2092 2323 coelo
2115 2276 2319 2337 subeunt·
2337 2281 2390 2328 ὅτ

438 2353 721 2404 percurrunt,
757 2340 886 2387 aliter
905 2354 996 2387 non
1020 2339 1201 2403 possunt
1221 2341 1433 2392 continue
1456 2339 1607 2402 perfici
1627 2360 1641 2394 ;
1675 2339 1778 2386 inde
1807 2341 1932 2388 enim
1958 2341 2040 2388 illis
2063 2342 2260 2400 relativa,
2296 2345 2347 2392 δε
2362 2360 2387 2392 a

441 2404 637 2453 relativis
658 2403 896 2467 perfectior
918 2405 1165 2468 perceptio,
1199 2407 1414 2469 quoniam
1452 2403 1556 2451 inde
1579 2403 1720 2452 sciunt
1742 2406 1853 2469 quid
1878 2421 1969 2452 non
1992 2406 2114 2462 felix,
2147 2410 2256 2471 quia
2282 2409 2386 2458 inde

440 2469 585 2517 sciunt
607 2468 733 2532 quod
763 2485 856 2516 non
879 2469 1069 2525 bonum,
1105 2470 1154 2517 &
1176 2470 1288 2534 quid
1324 2485 1414 2517 non
1445 2485 1624 2516 verum.
1696 2471 1839 2530 Qod
1862 2471 2155 2519 admiratione
2178 2474 2389 2535 dignum,

440 2535 525 2592 est,
560 2533 685 2598 quod
700 2533 923 2598 nusquam
941 2550 1054 2582 unus
1073 2533 1204 2582 status
1225 2535 1277 2583 fit
1293 2533 1464 2597 prorsus
1482 2533 1634 2581 fimilis
1657 2533 1777 2581 alteri
1796 2535 1840 2582 in
1859 2549 2075 2584 aeternum
2097 2557 2112 2590 ς
2148 2550 2242 2584 tum
2260 2539 2385 2599 quod

441 2615 558 2646 unus
592 2598 769 2660 spiritus
802 2600 852 2647 δε
886 2599 1068 2661 angelus
1091 2615 1182 2647 non
1205 2600 1367 2647 similes
1391 2599 1521 2647 status
1546 2599 1813 2647 mutationes
1849 2615 2075 2663 percurrat
2095 2617 2146 2649 ac
2166 2603 2289 2659 alter,
2326 2619 2383 2650 ex

442 2663 570 2711 causa
591 2664 697 2725 quia
720 2668 832 2709 unus
854 2679 945 2710 non
968 2664 1031 2710 est
1067 2664 1192 2711 alteri
1225 2667 1400 2726 prorius
1423 2663 1574 2711 similis
1596 2665 1749 2727 quoad
1774 2666 1946 2712 bonum
1979 2668 2029 2714 &
2062 2682 2236 2722 verum,
2274 2666 2386 2715 ficut

443 2744 528 2777 nec
551 2744 665 2775 unus
685 2727 826 2774 homo
844 2728 965 2779 alteri
984 2729 1135 2791 quoad
1164 2729 1323 2778 faciem
1344 2749 1358 2784 3
1393 2729 1464 2777 sed
1490 2729 1630 2792 usque
1651 2730 1876 2778 Dominus
1898 2746 1961 2778 ex
1980 2732 2109 2778 variis
2131 2731 2215 2777 illis
2238 2747 2382 2779 unum

448 2794 554 2841 facit
574 2815 587 2846 ·,
621 2808 765 2839 canon
801 2794 1058 2840 communis
1094 2792 1173 2850 est,
1214 2794 1342 2858 quod
1380 2809 1517 2840 omne
1546 2810 1709 2850 unum,
1745 2793 1791 2845 in
1823 2811 1919 2859 quo
1941 2795 2112 2858 aliquid
2145 2795 2295 2857 quale,
2331 2812 2387 2844 ex

446 2860 579 2905 variis
594 2857 769 2913 existat,
803 2873 910 2920 quae
933 2857 977 2903 in
1001 2858 1272 2908 unanimum
1292 2859 1375 2905 tale
1393 2870 1442 2905 ut
1460 2874 1539 2920 per
1555 2859 1808 2909 harmoniae
1824 2859 2386 2920 consensumssrediguntur,

443 2936 496 2970 nt
518 2933 756 2984 appareant
777 2937 933 2969 omnes
954 2922 1064 2970 sicut
1086 2939 1226 2972 unum
1247 2944 1261 2978 ;
1288 2935 1435 2970 ‘unum
1453 2924 1556 2971 inde
1579 2924 1652 2971 seu
1675 2923 1785 2971 unio
1807 2924 2002 2972 intcoelis
2013 2925 2069 2971 fit
2085 2939 2166 2986 per
2181 2941 2382 2974 amorem

446 2990 497 3035 &
536 2986 827 3042 charitatem3
860 2986 1067 3034 videatur
1098 2989 1236 3037 etiam
1261 3004 1319 3038 n:
1347 3003 1487 3050 3241.
1515 2989 1658 3051 3267.
1695 3004 1837 3051 3744,
1876 3001 2016 3051 3745.
2056 2990 2197 3051 3986.
2234 3008 2382 3052 4005.

452 3067 598 3112 4¹49·
631 3055 772 3113 4598.
844 3051 1117 3107 Occultatio,
1153 3069 1263 3116 quae
1297 3053 1569 3119 significatur
1591 3069 1674 3117 per.
1692 3053 1819 3118 quod
1849 3052 2018 3116 Joseph
2042 3052 2210 3101 dimisit
2240 3055 2391 3107 fratres

450 3117 569 3172 ium,
592 3118 646 3163 ,ἃ
670 3116 866 3174 iverunt,
905 3117 949 3166 in
970 3117 1123 3168 Verbo
1141 3132 1326 3168 vocatur
1341 3118 1539 3186 vespera,
1574 3134 1681 3186 quae
1699 3117 1886 3181 tunctst
1902 3118 2020 3183 apud
2041 3119 2262 3182 Angelos,
2283 3136 2390 3172 cum

2294 3200 2390 3239 non
