2606 3646
297 223 603 306 CAPUT
629 202 1487 304 QUADRKGEffiMUM
1537 206 2023 305 QmNtvM.
2072 215 2205 313 2853

239 341 357 424 quos
372 368 480 402 vera
496 348 788 404 illa‘fuerunt,
821 357 870 394 at
890 345 1004 393 nihil
1028 346 1154 404 boni,
1187 338 1395 409 fragilia·,
1428 358 1476 394 at
1494 347 1623 410 apud
1651 347 1753 394 illos
1769 336 2208 412 quivi‘vunt'secun-

238 425 355 471 dum
378 419 471 475 illa,
506 423 811 479 apparuerunt
832 412 944 460 licut
966 412 1096 459 fibrae
1118 428 1143 459 e
1160 415 1347 464 ‚cerebro
1377 412 1584 476 impletae
1618 412 1799 476 spiritu,
1836 413 1888 459 δε
1911 414 2070 462 molles
2094 435 2111 470 ;
2147 417 2207 464 ita

237 489 419 536 fixerunt
435 479 534 531 haic
550 494 654 527 vera
669 478 881 533 animata,
906 477 991 530 ⁴illa
1012 483 1167 534 autem
1192 479 1435 526 inanimata
1452 499 1468 532 ς
1502 493 1560 526 ex
1576 478 1857 542 quibus‘sciri
1877 479 2041 542 potest,
2077 484 2203 544 quod

234 565 345 601 vem
377 549 500 613 apud
533 545 742 594 homines
764 542 1023 598 sejiabeant
1052 542 1300 591 secundum
1333 542 1644 597 statumvit'ae
1671 542 1882 606 cujusvis.
1951 545 2070 592 Vera
2094 563 2202 610 quae

237 606 320 682 pe'r
341 617 457 665 filios
479 611 640 676 jacobi
664 608 1048 672 repraesentantur,
1083 607 1313 656 sunt·vera
1336 610 1542 657 nondum
1567 609 1830 676 spiritualia,
1861 609 1972 673 quia
1995 606 2208 660 nondum?

237 680 357 729 facta
378 681 524 730 vitae3
559 690 604 724 at
624 689 746 731 vera,
792 690 899 738 quae
932 689 1013 736 per
1045 673 1164 731 illos,
1201 688 1252 722 ut
1281 675 1400 722 filios
1432 675 1615 727 Israelis.
1663 674 2050 739 repraesentantur,
2099 678 2201 726 sunt

233 746 494 811 spiritualia,
530 742 636 807 quia
652 756 711 787 ex
730 754 786 786 eo
801 739 927 803 quod
945 738 1059 785 fac'ta
1076 739 1201 794 vitae‚
1236 740 1359 787 bono
1379 739 1546 787 amoris
1563 742 1615 788 &
1628 741 1856 788 charitatis
1874 742 2046 788 imbuta
2070 744 2170 792 sunt
2189 752 2210 790 :‘

234 813 336 860 haec
354 811 475 858 Vera
498 809 570 855 hic
592 805 919 867 intelliguntur,
951 804 1062 867 quia
1083 820 1205 851 nunc
1225 806 1380 853 actum
1404 804 1469 850 est
1490 805 1559 852 def
1572 805 1821 853 initiatione
1839 806 1894 852 ad
1915 806 2126 870 conjunct
2140 813 2208 857 io·

235 889 579 926 nemrverorum
598 872 644 918 in
664 868 866 925 naturali,
899 885 1007 931 quae
1029 868 1130 915 sunt
1153 869 1236 916 filii
1261 867 1438 931 jacobi,
1476 885 1582 919 cum
1605 872 1734 918 Bono
1755 871 1953 929 Interno,
1987 876 2114 935 quod
2139 876 2204 923 est

234 943 425 1007 joseph,
472 954 551 1003 per
587 935 824 991 Medium,
867 933 999 998 ⁴quod
1033 932 1292 998 Benjamin,
1326 936 1377 983 &
1405 940 1591 1000 quoque
1621 951 1702 1000 per
1736 936 1918 985 Bonum
1955 938 2213 1002 spirituale,

271 1011 359 1057 uod
409 1004 525 1053 srael.
1132 1004 1134 1006 ’
1369 1004 1372 1006 ’
1719 1046 1724 1050 .
2050 1032 2052 1034 ·

231 1028 268 1075 q
305 1009 446 1138 139512.
481 1070 547 1118 Et·
579 1067 714 1115 dedit·
730 1066 819 1114 illis
838 1065 1045 1114 vehicula
1060 1065 1188 1129 juxta
1222 1083 1272 1115 os
1296 1068 1557 1124 Pharaonis,
1591 1069 1717 1133 quod
1741 1069 1963 1131 fignificet
1994 1072 2122 1135 quod
2141 1074 2200 1121 ab

231 1127 419 1190 Int}rno
441 1133 719 1189 doctrinalia,
758 1133 870 1180 ficut
892 1133 1076 1195 placuit,
1109 1133 1281 1180 constat
1302 1149 1357 1181 ex
1381 1134 1772 1197 repraesentatione
1790 1135 1994 1198 Josephi,
2030 1139 2110 1201 qui
2136 1140 2200 1186 est

232 1209 272 1262 is
295 1205 377 1269 qui
399 1201 543 1257 dedit,
577 1198 706 1264 quod
730 1198 783 1244 fit
801 1198 978 1244 Bonum
1015 1199 1269 1255 Internum,
1304 1200 1362 1245 de
1385 1215 1476 1263 qua
1499 1200 1657 1264 prius3
1692 1215 1750 1247 ex
1774 1201 2100 1262 significatione
2123 1221 2200 1261 ve-

230 1271 513 1322 hiculorum,
546 1263 672 1329 quod
693 1264 776 1311 sint
791 1262 1069 1319 doctrinalia,
1102 1264 1159 1310 de
1181 1280 1272 1326 qua
1297 1264 1427 1327 supra
1450 1281 1478 1311 n
1499 1282 1510 1310 z
1537 1281 1663 1329 5945
1685 1286 1699 1319 ;
1717 1268 1784 1322 ἃ.
1799 1282 1854 1313 ex
1874 1267 2200 1330 significatione

227 1335 362 1401 juxta
377 1350 437 1382 os·
450 1330 718 1384 PharaoniS,
741 1328 863 1393 quod
882 1329 935 1375 fit
953 1328 1062 1375 ficut
1079 1329 1264 1391 placuit,
1300 1344 1468 1396 nempe
1482 1334 1601 1376 veris
1620 1330 1939 1392 spiritualibus,
1974 1350 2078 1396 quae
2102 1336 2203 1385 sunt

234 1402 320 1449 filii
339 1399 509 1448 Israelis
526 1396 649 1460 ,quia
673 1395 769 1441 haec
792 1409 894 1442 vera
916 1393 1018 1440 sunt
1042 1394 1087 1453 in
1121 1385 1352 1451 Naturali,
1368 1395 1511 1459 'quod
1540 1412 1620 1459 per
1642 1396 1921 1445 Pharaonem
1957 1401 2199 1461 repraesen-

234 1479 376 1524 tatur,
413 1463 472 1512 n‘t
497 1464 634 1524 5460.
663 1461 908 1522 5799,*-&
947 1459 1177 1517 vehicula,
1205 1462 1418 1523 pei-*quae
1440 1460 1702 1509 dossrinalia
1737 1463 2059 1523 significantur,
2095 1468 2204 1515 data*

232 1534 337 1581 sunt
376 1531 463 1577 illis
485 1528 540 1574 ad
564 1525 925 1588 dispofitionem.·
992 1526 1118 1572 Sicut
1155 1526 1345 1588 placuit,
1390 1526 1584 1583 dicitur,
1628 1529 1736 1590 quia
1771 1529 2053 1586 doctrinalia,
2088 1549 2197 1595 quat:

232 1614 318 1662 per
349 1592 555 1643 vehicula
593 1590 792 1653 AEgypti
826 1589 1153 1650 fignificantur,
1201 1590 1302 1638 sunt
1323 1607 1382 1637 ex
1406 1591 1529 1638 sensu
1565 1592 1723 1639 literali
1761 1594 1920 1651 Verbi,
1955 1611 2018 1643 n:
2047 1614 2195 1661 5945,

232 1664 317 1728 qui
339 1661 503 1724 absque
526 1657 649 1704 sensu
674 1658 866 1711 interno,
900 1655 1114 1716 applicari
1138 1656 1282 1718 potest
1298 1657 1462 1720 cuique
1486 1656 1610 1705 bono
1627 1678 1644 1712 3
1679 1659 1910 1706 Dominus
1942 1662 2067 1709 enim
2106 1680 2198 1711 non

234 1731 436 1791 aliquem
454 1735 607 1787 aperte
623 1723 759 1769 docet
775 1736 901 1777 vera,
936 1719 1011 1766 sed
1026 1737 1105 1786 pei·
1127 1723 1303 1768 bonurn
1332 1722 1458 1768 ducit
1473 1723 1534 1768 -ad
1559 1725 1853 1784 cogitandum
1878 1727 1988 1789 quid
2013 1743 2197 1784 verum,

234 1795 285 1841 ἃ
327 1805 511 1855 quoque
545 1787 745 1850 inspirat,
791 1787 979 1833 homine
1019 1786 1255 1845 rie-sciente,
1304 1789 1703 1850 apperceptionern
1729 1790 1779 1836 δε
1801 1791 1907 1836 inde
1929 1792 2197 1842 elestionem

233 1858 364 1924 quod
395 1858 483 1904 hoc
503 1867 664 1901 verum
677 1852 683 1878 Γ
698 1853 768 1908 s1t,
802 1853 911 1916 quja
927 1851 992 1899 ita
1012 1851 1157 1899 'dietat‘
1177 1852 1406 1908 Verbum,
1443 1854 1492 1900 ἃ
1512 1855 1620 1916 quia
1639 1855 1726 1901 hoc
1743 1856 1937 1918 quadrat
1960 1879 1975 1911 ς
2011 1858 2073 1905 ita
2097 1861 2200 1907 Do·

234 1925 389 1971 minus
410 1931 534 1985 aptat
552 1933 656 1966 vera
679 1917 924 1965 secundum
949 1917 1252 1980 receptionem
1277 1917 1387 1964 boni
1409 1918 1468 1964 ab
1489 1922 1745 1981 unoquovis
1767 1941 1780 1973 ·‚
1817 1922 1903 1969 hoc
1925 1923 2031 1986 quia
2055 1925 2108 1972 fit
2133 1927 2194 1972 se-

235 1989 437 2037 cundum
459 1983 650 2048 cujusvis
666 1983 972 2038 affefflonem,
1007 1999 1058 2030 ac
1082 1983 1143 2030 ita
1168 1983 1213 2028 in
1238 1982 1397 2039 libero,
1431 1983 1598 2030 dicitur
1615 1985 1705 2040 hic,
1741 1986 1852 2033 ficut
1878 1988 2058 2051 placuit.

306 2068 450 2116 5953.
486 2051 552 2098 Et
568 2048 694 2096 dedit
729 2048 815 2095 illis
843 2048 1064 2096 viaticum
1093 2047 1148 2094 ad
1176 2048 1316 2104 viam,
1363 2048 1489 2111 quod
1526 2050 1748 2111 significet
1778 2051 2144 2104 sustentationem
2170 2074 2196 2104 a

236 2120 362 2167 bono
384 2118 433 2165 &
454 2131 559 2163 vera
587 2114 774 2170 interea,
818 2113 987 2161 constat
1009 2129 1065 2160 ex
1087 2113 1415 2175 fignificatione
1446 2113 1616 2172 viatici,
1661 2116 1790 2180 quod
1816 2118 1868 2165 fit
1892 2119 2146 2169 sustentatio
2170 2140 2197 2170 a

235 2186 360 2235 bono
381 2184 429 2232 ὅτ
453 2196 581 2237 vero,
615 2180 673 2226 de
691 2195 782 2243 qua
803 2196 863 2226 n:
891 2195 1033 2242 5490.

299 2265 448 2313 5954.
469 2247 536 2295 Et
544 2245 758 2294 omnibus
775 2245 862 2293 illis
871 2245 996 2294 dedit
1009 2245 1176 2310 cuique
1188 2247 1450 2295 mutatorias
1462 2247 1621 2305 vestes,
1633 2249 1755 2313 quod
1772 2251 1865 2313 fign
1874 2251 2102 2299 ificetvera
2114 2253 2196 2300 ini-

227 2315 339 2364 tiata
354 2315 500 2370 bono,
533 2311 705 2360 constat
721 2311 1117 2373 exsfig'nificatione
1135 2312 1345 2369 vestium,
1380 2314 1509 2377 quod
1529 2314 1613 2367 finti
1626 2331 1746 2370 vera,
1782 2317 1840 2362 de
1860 2332 1945 2379 qua
1962 2317 2191 2381 sequituv,

230 2380 340 2429 inde
362 2379 616 2441 mutatoriae
635 2378 776 2425 vestes
797 2378 897 2424 sunt
919 2393 1026 2423 vera
1046 2394 1153 2440 quae
1173 2394 1304 2434 nova,
1334 2379 1390 2426 &
1414 2396 1519 2426 vera
1542 2395 1662 2427 nova
1695 2382 1812 2428 fiunt
1834 2398 1938 2429 cum
1965 2383 2195 2431 initiant-ur

231 2447 378 2501 bono,
414 2456 522 2490 tunc
553 2443 678 2506 enirn
713 2443 857 2490 vitam
892 2444 1151 2506 accipiunt;
1188 2444 1338 2505 agitur
1373 2444 1494 2491 enim
1516 2446 1575 2491 de
1600 2445 1930 2509 Conjunftione
1970 2448 2194 2496 Naturalis

235 2509 436 2559 hominis
452 2524 556 2556 cum
568 2508 803 2572 spirituali,
838 2507 912 2555 seu
934 2507 1121 2556 Externi
1138 2525 1244 2556 cum
1264 2510 1447 2556 Interno
1467 2531 1481 2564 ;
1514 2511 1697 2574 quando
1713 2512 1971 2575 conjunctio
1988 2516 2058 2570 fit,
2085 2528 2194 2563 tunc

235 2592 345 2627 vera
369 2585 598 2623 mutantur
613 2575 664 2622 ὅτ
686 2589 804 2621 nova
818 2574 960 2629 fiunt,
998 2589 1103 2620 nam
1123 2574 1265 2621 vitam
1288 2575 1344 2620 ab
1368 2574 1544 2623 influxu
1570 2576 1682 2622 boni
1705 2579 1948 2640 accipiunt,
1985 2581 2195 2628 videatur

238 2657 354 2690 mox
382 2640 510 2702 supra
532 2655 591 2686 n:
615 2655 736 2701 5951
764 2659 780 2693 ·,
815 2639 943 2702 quod
976 2651 1149 2685 mutare
1174 2639 1312 2685 vestes
1329 2638 1465 2687 fuerit
1498 2635 1949 2703 reprael‘entativutrf,>
1971 2647 2096 2708 quod
2128 2649 2195 2694 in·

236 2708 485 2756 duerentur
519 2704 664 2752 sancia
697 2719 820 2759 vera,
853 2706 901 2752 ὅτ
926 2705 1051 2768 quod
1085 2705 1190 2752 inde
1205 2720 1398 2768 quoque
1417 2707 1558 2754 vestes
1581 2710 1856 2764 mutatoriae,
1903 2711 2110 2758 videatur
2133 2730 2191 2759 n:

236 2788 386 2834 4545.
458 2770 597 2834 Quod
624 2785 702 2832 per
725 2769 882 2815 Vestes
906 2770 950 2816 in
975 2769 1125 2817 Verbo
1158 2771 1466 2831 significentur
1491 2774 1627 2828 Vera,
1662 2774 1725 2820 est
1747 2777 1854 2836 quia
1874 2791 1975 2822 vera
1996 2778 2196 2827 >vestium

232 2839 433 2893 bonum,
469 2852 600 2898 paene
623 2835 733 2882 ficut
755 2835 854 2881 vasa
877 2834 1158 2896 sanguinem,
1193 2851 1241 2882 ac
1273 2837 1403 2883 fibrae
1438 2838 1670 2900 spiritum:
1697 2841 1832 2902 «quod
1858 2841 2004 2887 Vestis
2026 2843 2197 2903 signifi-

237 2907 439 2951 cativum
457 2901 550 2947 veri
569 2901 639 2956 fit,
662 2900 736 2947 =est
754 2902 866 2963 ⁴quia
889 2900 1082 2963 spiritus,
1117 2902 1165 2948 ὅτ
1182 2916 1368 2965 quoque
1385 2904 1534 2964 angeli
1559 2919 1800 2966 appareant
1819 2906 2013 2952 vestibus
2033 2909 2197 2965 induxi,

234 2971 289 3018 ¹&
310 2969 500 3032 quilibet
512 2966 760 3014 secundum
788 2982 1016 3030 veraquae
1037 2965 1293 3028 apud-illos,
1329 2969 1374 3013 in
1394 2970 1504 3016 albis
1522 2984 1735 3032 apparent
1754 2971 1909 3033 ilii-qui
1936 2972 2035 3019 sunt
2054 2975 2097 3021 in
2119 2991 2197 3020 ve-

241 3035 299 3081 ris
322 3034 430 3082 fidei
455 3049 534 3096 per
557 3048 661 3096 quae
694 3033 886 3087 bonum,
919 3044 966 3079 at
990 3032 1034 3079 in
1056 3032 1259 3079 candidis
1282 3032 1620 3095 splendentibus
1650 3037 1724 3099 qui
1753 3037 1796 3082 in
1821 3037 1935 3083 veris
1960 3039 2067 3085 fidei
2093 3057 2199 3103 quae

240 3114 302 3145 tx
339 3099 479 3156 bone,
517 3099 751 3145 transsucet
784 3098 908 3145 enim
945 3098 1121 3144 bonum
1159 3101 1237 3160 p'er
1273 3113 1452 3158 verum,
1483 3100 1594 3147 inde
1634 3102 1874 3163 splendor3
1908 3103 2116 3151 videatur
2141 3123 2199 3152 n:

245 3167 390 3227 5248.
446 3165 597 3224 -Qod
627 3163 816 3227 Spiritus
841 3166 888 3212 δε
915 3164 1085 3227 Angeli
1109 3179 1353 3278 apssateant
1377 3168 1651 3224 investibuS,
1686 3167 2038 3218 constareretiam
2055 3172 2206 3235 potest

1242 3245 1269 3275 n
1310 3246 1332 3277 2
2140 3251 2197 3284 ex
