2626 3666
314 148 1968 291 122⁵GENESJS.

319 346 566 396 secundum
601 345 691 409 subj
697 345 810 401 ecia,
845 360 975 393 amor
999 345 1072 393 ille
1098 347 1151 395 fit
1174 347 1313 394 timor
1347 342 1471 409 apud
1506 343 1608 393 illos
1643 343 1724 408 qui
1748 343 1795 392 in
1818 343 1948 392 cultu
1972 353 2161 394 externo
2198 344 2309 397 funt

320 416 485 479 absque
510 415 723 467 intern03
761 413 811 460 δε
829 428 957 459 amor
975 411 1047 459 ille
1066 414 1119 461 fit
1144 413 1283 459 timor
1300 412 1474 459 sanetus
1494 411 1617 474 apud
1641 410 1744 457 illos
1738 413 1842 486 qui
1861 411 1907 458 in
1927 411 2056 460 cultu
2081 405 2322 476 spirituaii,

322 481 461 536 sunt·,
496 493 541 527 at
563 481 617 527 fit
633 495 762 526 amor
784 479 830 526 in
850 493 942 543 quo
961 479 1210 526 reverentia
1234 476 1378 525 sancta
1392 478 1518 540 apud
1540 477 1642 525 illos
1668 475 1751 540 qui
1770 479 1814 524 in
1833 476 1958 525 cultu
1981 477 2154 527 coelesti
2172 479 2303 528 sunt·
2290 502 2307 536 5

326 548 453 594 Sed'
443 564 488 593 m
514 545 725 594 Domino
756 560 849 591 non
879 556 972 591 erat
996 546 1134 592 timor
1159 544 1230 591 sed
1259 559 1399 607 purus
1429 557 1591 598 amor,
1626 542 1732 590 inde
1755 543 1952 590 constare
1977 545 2145 608 potest,
2179 546 2309 610 quod

324 629 403 689 per
422 614 574 659 Deum
595 626 685 674 ego
702 612 861 669 timeo,
887 626 995 658 cum
1014 610 1283 676 Praedicatur
1301 613 1358 659 de
1377 611 1610 668 Domino,
1626 608 1917 672 significetur
1934 610 2138 659 Divinus
2159 628 2311 671 amor,
2330 608 2335 610 ἶ

326 681 388 727 ita
414 680 474 726 D
484 680 660 727 vinum.

396 745 539 806 5460
577 745 624 792 Si
649 744 754 792 resti
775 744 894 801 estiS,
927 744 1052 808 quod
1072 743 1295 808 significet
1313 740 1344 793 fi
1362 759 1469 791 vera
1487 743 1533 790 in
1553 742 1594 791 se
1613 742 1716 800 sint,
1751 743 1923 791 constat
1940 742 2313 806 afignificatione

326 812 434 861 refti
460 812 564 868 effe,
602 811 726 875 quod
753 811 806 858 fit
830 812 958 874 quod
983 827 1090 859 vera
1114 814 1158 858 in
1186 812 1228 858 se
1254 812 1353 868 fint,
1390 811 1447 858 de
1472 826 1560 874 qua
1585 809 1764 873 supran
1788 826 1798 856 :
1824 826 1968 874 5434.
1998 825 2141 874 5437.

396 879 544 940 5461·
582 878 739 932 Frater
762 877 906 924 vester
928 892 1045 925 unus
1068 878 1296 925 vincietur
1317 878 1364 925 in
1388 878 1533 924 domo
1565 876 1786 924 custodiae
1807 879 1981 932 vestrae,
2018 876 2147 939 quod
2170 875 2313 939 figni-

327 945 432 993 ficet
452 943 579 1008 quod
602 943 715 991 fides
738 943 972 992 voluntate
997 942 1283 1008 separabitur,
1318 942 1492 992 constat
1513 958 1571 990 ex
1595 941 1987 1006 repraesentatione
2012 943 2319 1000 Schimeonis,

328 1010 409 1076 qui
435 1011 509 1058 hic
533 1009 592 1057 est
615 1010 696 1058 frat
700 1025 747 1058 er
765 1025 878 1057 unus
896 1011 976 1074 qui
994 1010 1289 1067 vinciebatur,
1327 1008 1467 1058 Vers:
1494 1025 1574 1070 24,
1609 1010 1735 1072 quod
1756 1009 1810 1056 fit
1830 1008 1942 1056 fides
1961 1008 2218 1066 voluntate,
2253 1010 2316 1057 de
2360 1070 2364 1074 Ι

328 1093 415 1141 qua
443 1093 498 1122 n:
527 1076 670 1142 3869.
693 1079 837 1149 3870.
868 1080 1013 1141 3871.
1038 1080 1181 1139 3872.
1203 1091 1352 1141 4497.
1371 1090 1518 1136 4502.
1538 1092 1707 1138 4503;
1743 1075 1794 1123 &
1815 1091 1841 1122 a
1861 1074 2192 1137 significatione
2216 1076 2319 1123 vin-

328 1160 408 1190 ciri
429 1159 473 1189 m
493 1143 636 1189 domo
656 1141 893 1198 custodiae,
930 1143 1056 1205 quod
1078 1143 1127 1190 fit
1147 1142 1353 1205 separari,
1388 1142 1445 1188 de
1463 1156 1556 1204 qua
1580 1157 1641 1188 n.
1669 1143 1816 1202 5083.
1837 1157 1983 1200 5101.
2006 1155 2150 1203 5452.
2170 1142 2318 1203 5456.

329 1210 452 1257 Cum
472 1209 589 1256 hoc
581 1221 640 1254 ita
658 1208 698 1255 se
718 1208 890 1262 habet·,
924 1224 1030 1254 cum
1049 1209 1160 1255 fides
1177 1210 1433 1263 voluntate,
1469 1207 1543 1253 seu
1567 1202 1778 1253 voluntas
1795 1205 1989 1252 faciendi
2008 1221 2166 1253 verum
2190 1207 2320 1271 quod

328 1277 375 1324 fi
369 1274 457 1331 iei,
497 1275 715 1338 separatur
738 1275 795 1321 ab
817 1273 904 1328 illis
928 1273 1006 1337 qui
1033 1274 1079 1321 in
1104 1273 1321 1322 Ecclefiae
1338 1272 1456 1321 veris
1475 1271 1595 1328 sunt,
1629 1283 1737 1320 tunc
1761 1287 1900 1320 nexus
1922 1288 2027 1319 cum
2053 1268 2234 1321 Divino
2255 1273 2322 1321 est

330 1355 425 1390 tam
454 1343 580 1396 levis,
618 1352 667 1388 ut
692 1341 770 1387 vix
796 1340 939 1403 magis
960 1339 1013 1387 fit
1035 1355 1176 1402 quam
1211 1339 1423 1403 agnitio,
1409 1359 1419 1370 ·
1459 1338 1659 1386 influxus
1694 1339 1820 1386 enim
1863 1338 2027 1385 Divini
2050 1354 2076 1385 a
2102 1339 2325 1388 Domino

328 1407 448 1482 apud
477 1406 712 1454 hominem
745 1418 1056 1469 regeneratum
1081 1405 1178 1452 est
1168 1422 1214 1452 in
1231 1409 1418 1457 bonum
1436 1405 1487 1453 &
1509 1404 1653 1452 inde
1640 1420 1687 1451 m
1709 1420 1888 1461 verum,
1926 1404 2002 1452 seu
2025 1405 2151 1480 quod
2175 1404 2319 1480 idem,

331 1475 379 1521 in
406 1473 691 1519 voluntatem
718 1473 766 1519 δε
792 1472 932 1519 inde
921 1489 967 1519 1n
993 1471 1317 1527 intellectum}
1346 1481 1570 1536 quantum
1595 1470 1745 1533 itaque
1769 1470 1931 1528 h0m0,
1968 1472 2046 1534 qui
2068 1471 2111 1518 in
2134 1469 2250 1518 veris
2265 1472 2323 1521 fi-

329 1540 406 1587 dei
425 1539 504 1595 est,
530 1538 690 1602 recipit
708 1539 884 1586 bonum
901 1554 925 1585 a
949 1537 1176 1595 Domino,
1213 1550 1391 1586 tantum
1411 1535 1581 1585 format
1598 1537 1830 1596 Dominus
1854 1537 1978 1599 apud
1998 1537 2131 1584 illum
2152 1540 2324 1587 novam

330 1605 653 1654 voluntatem
642 1621 687 1652 in
713 1618 836 1667 parte
855 1603 949 1668 ejus
969 1604 1282 1661 intellectuali,
1320 1602 1484 1670 quo'd
1472 1620 1518 1651 in
1543 1612 1669 1667 parte
1693 1592 2002 1659 intellectuali,
2025 1603 2245 1652 videatur
2261 1621 2326 1652 n.

331 1686 458 1737 (927.
477 1688 558 1720 10
574 1689 618 1734 3.
646 1685 784 1734 1043.
813 1687 954 1732 1044.
978 1671 1122 1732 2256.
1142 1672 1290 1733 4328.
1317 1686 1466 1734 4493.
1494 1685 1660 1734 5113
1695 1668 1746 1717 δε
1772 1681 1948 1717 tantum
1973 1668 2126 1717 influit
2151 1671 2326 1719 Domi-

333 1750 436 1794 nus,
472 1739 521 1785 δε
546 1735 651 1784 facit
675 1735 960 1785 affectionem
985 1737 1160 1784 bonum
1185 1735 1395 1793 faciendi,
1434 1737 1521 1782 hoc
1544 1736 1624 1792 est,
1660 1736 1897 1783 exercendi
1921 1735 2187 1787 charitatem
2212 1753 2322 1801 erga

332 1804 636 1868 proximum:
674 1818 731 1850 ex
756 1803 823 1850 his
841 1802 1039 1850 constare
1066 1802 1230 1866 potest,
1265 1801 1377 1868 quid
1402 1800 1673 1865 intelligitur
1686 1812 1776 1865 per
1796 1801 1924 1874 quod
1948 1801 2058 1850 fides
2083 1803 2360 1867 voluntate„

334 1870 627 1943 separabitur,
664 1885 770 1934 quae
801 1885 883 1933 per
915 1869 1241 1918 Schimeonem
1267 1866 1626 1934 repraesentatur,
1663 1871 1911 1932 antequam
1927 1862 2162 1933 medium,
2196 1867 2381 1956 quod'³f
2447 1889 2451 1891 ·

335 1950 431 2011 erat
453 1934 704 2000 Benjamin‚
740 1936 963 1983 sisteretur
985 1936 1194 2000 praesens.

406 2003 551 2064 5.462
588 2001 719 2048 Vos
709 2015 784 2058 ite,
821 2003 1030 2051 adducite
1053 2017 1279 2050 annonam
1316 1999 1449 2050 famis
1473 1974 1706 2052 domuum
1727 1975 2019 2057 vestrarum,
2037 1979 2173 2067 quod
2191 2002 2330 2074 signi-⁴

338 2068 445 2118 ficet
467 2067 591 2132 quod
618 2067 704 2114 illis
728 2070 894 2117 interea
916 2068 1130 2128 liberum,
1167 2082 1217 2118 ut
1241 2068 1323 2116 fibi
1344 2069 1593 2127 consulant,
1629 2069 1803 2117 constat
1819 2084 1877 2116 ex
1895 2063 2224 2131 fignificatione
2246 2086 2332 2118 vos
2380 2083 2381 2086 ’

342 2137 422 2191 ite,
458 2133 701 2209 postquam
735 2132 876 2182 vincti
902 2134 1111 2192 fuerunt,
1147 2137 1198 2183 ὅτ
1219 2135 1322 2182 l‘oco
1345 2135 1533 2184 illorum
1567 2151 1685 2184 unus
1708 2127 1932 2190 detentus,
1966 2134 2095 2198 quod
2120 2133 2175 2182 fit
2201 2131 2341 2199 quod'
2421 2178 2427 2186 .

340 2202 432 2249 illis
467 2204 631 2248 interea
666 2200 896 2256 liberum;
931 2218 989 2250 ex
1011 2202 1341 2266 significatione
1374 2217 1587 2260 annonae,
1622 2201 1753 2267 quod
1776 2198 1830 2248 fit
1852 2215 2031 2256 verum,
2064 2200 2125 2248 de
2126 2217 2243 2278 qua·
2263 2219 2326 2254 n·

344 2267 489 2330 5276.
520 2269 662 2329 3280.
690 2282 859 2331 52925
895 2283 952 2315 ex
987 2267 1315 2329 fignificatione
1354 2267 1506 2325 famis,
1542 2268 1672 2333 quod
1695 2267 1751 2315 fit
1771 2265 1978 2314 defectus
1999 2266 2327 2330 cognitionum

343 2332 649 2388 &desolati0,
672 2333 729 2380 de
752 2349 842 2397 qua
863 2349 921 2380 n:
945 2334 1090 2398 5360.
1116 2333 1280 2397 53765
1315 2334 1366 2381 δε
1382 2349 1440 2381 ex
1459 2333 1788 2398 significatione
1811 2333 2042 2381 domuum
2056 2331 2335 2396 vestrarum,
2360 2332 2381 2337 ”

345 2399 476 2464 quod
495 2399 579 2446 fint
597 2397 894 2449 habitationes
914 2400 1021 2448 ubi
1011 2417 1054 2447 m
1074 2399 1220 2464 specie
1236 2397 1430 2462 cujusvis
1447 2415 1569 2457 vera,
1604 2400 1664 2448 ita
1681 2415 1811 2447 mens
1828 2399 2072 2455 naturalis3
2106 2401 2233 2464 quod
2251 2403 2341 2451 do-

349 2481 454 2514 mus
472 2465 526 2512 fit
546 2466 673 2511 mens
690 2465 917 2523 naturalis,
952 2466 1159 2514 videatur
1181 2481 1237 2512 n:
1262 2481 1412 2530 4973.
1420 2483 1582 2530 5023,
1618 2467 1669 2515 δε
1689 2466 1817 2532 quod
1841 2481 1962 2523 vera,
1996 2480 2102 2529 quae
2118 2482 2197 2530 per
2213 2469 2336 2519 filios
2360 2463 2362 2465 ¹

350 2532 523 2594 jacobi
529 2531 603 2578 hic
621 2532 1011 2594 repraesentantur,
1027 2531 1337 2581 fintEcclefiae
1352 2543 1569 2590 externae,
1588 2534 1648 2581 ita
1667 2533 1712 2580 in
1731 2533 1937 2589 naturali,
1956 2549 2009 2579 n:
2026 2548 2171 2594 5401.
2183 2548 2331 2596 5415.

353 2601 516 2661 54283
552 2613 609 2644 ex
631 2597 700 2643 his
719 2599 848 2646 timul
872 2598 1029 2647 sumtis
1053 2598 1258 2647 constare
1272 2597 1441 2662 potest,
1476 2599 1603 2673 quod
1622 2614 1702 2663 per
1718 2599 1926 2648 adducite
1949 2614 2183 2658 annonam
2201 2600 2338 2651 famis

354 2662 875 2789 ‹siomuur1s11vest1arum,
910 2666 1203 2729 significetur,
1239 2677 1291 2714 ut
1313 2665 1361 2713 in
1384 2664 1661 2728 desolatione
1683 2666 1803 2724 veri,
1832 2667 1881 2713 in
1904 2681 1996 2731 qua
2024 2663 2148 2724 sunt,
2179 2664 2262 2716 fibi
2285 2669 2337 2718 &

376 2747 441 2778 uis
465 2746 548 2777 con
574 2747 598 2775 u
621 2741 699 2776 ant

425 2797 571 2859 5463.
611 2794 677 2842 Et
700 2794 882 2844 fratrem
904 2796 1108 2845 vestrum
1133 2796 1385 2845 minimum
1409 2796 1640 2845 adducatis
1662 2797 1723 2846 ad
1741 2814 1835 2857 me,
1870 2797 2049 2863 quodi
2020 2795 2243 2858 fignificet
2264 2799 2339 2848 us-

354 2880 443 2931 que
466 2863 583 2910 dum
607 2861 814 2911 medium
836 2863 962 2920 adsit,
996 2862 1166 2911 constat
1189 2880 1247 2912 ex
1270 2863 1662 2927 repraesentatione
1685 2864 1977 2929 BenjaminiS,
2012 2863 2139 2926 quod
2163 2864 2217 2912 fit
2241 2882 2338 2914 me·

353 2931 505 2985 dium,
541 2943 708 2993 nempe
744 2930 863 2977 inter
895 2929 1078 2978 coeleste
1110 2928 1352 2995 spiritualis
1382 2931 1434 2979 δε
1469 2931 1686 2990 naturale,
1720 2931 1778 2979 de
1811 2946 1904 3027 qua
1935 2930 2068 2993 supra
2088 2946 2153 2978 n.
2184 2946 2335 2993 5411.

420 3061 567 3135 5464.
604 3059 670 3108 Et
699 3061 1051 3112 verificabuntur
1073 3062 1210 3111 verba
1233 3062 1397 3122 vestra,
1433 3064 1561 3128 quod
1595 3028 1817 3127 significet
1837 3061 1964 3126 quod
1990 3073 2098 3112 tunc
2118 3063 2206 3112 erit
2227 3080 2337 3116 cum

349 3130 468 3174 veris
504 3127 615 3173 ficut
649 3128 997 3200 pronuntiatum
1020 3130 1104 3188 est,
1140 3128 1343 3177 constare
1365 3129 1517 3192 potest
1547 3129 1717 3194 absque
1738 3128 2069 3193 explicatione3
2103 3131 2347 3196 quomodo

346 3192 418 3259 illi
440 3192 792 3259 pronuntiarunt
810 3196 867 3244 de
887 3196 946 3257 se,
981 3197 1306 3260 consequenter
1324 3193 1383 3246 de
1404 3194 1622 3246 Ecclesiae
1642 3194 1781 3266 yeriS,
1818 3209 1923 3261 quae
1945 3197 2348 3269 repraesentabant,

2127 3260 2347 3331 videatur
