2566 3640
340 231 346 236 ’
416 239 730 328 cAPu'T
770 225 1629 341 QUADRAGESIMUM
1673 248 2077 328 NoNuM.
2136 273 2279 347 42⁷

267 383 419 435 bans*
406 395 524 434 inter
546 382 748 440 sarcinas,
784 381 1079 431 inclinaturus
1098 382 1345 432 humerum
1369 383 1424 432 ad
1445 380 1771 450 bajulandum.
1807 382 1866 431 de
1884 384 2017 432 Dane
2034 385 2160 448 quod
2179 385 2267 433 ser-

267 467 385 518 pens
405 452 452 500 in
476 451 568 508 via,
605 449 782 516 serpens
806 449 986 514 jaculus
1011 449 1142 515 super
1175 450 1348 508 semita,
1382 452 1597 500 mordens
1620 446 1851 499 calcaneos
1874 450 2000 516 equi,
2047 453 2099 499 &
2135 452 2266 501 cadet

268 530 413 585 eques
423 517 516 585 ejus
532 517 806 572 retrorsum,
837 535 888 566 ac
907 519 970 567 ita
987 534 1126 583 porro
1141 517 1198 566 de
1217 518 1425 585 reliquis:
1457 533 1516 566 ex
1534 518 1605 566 his
1621 516 1859 565 manifeste
1876 517 2066 574 constat,
2098 532 2150 567 ut
2167 519 2262 566 dic-

267 593 390 644 tum,
546 584 711 633 sensus
701 596 903 633 internus
919 585 988 634 fit.
1026 585 1235 633 Verbum
1250 584 1316 632 est
1327 583 1506 642 datum,
1518 598 1572 633 ut
1587 584 1717 633 uniat
1729 584 1904 632 coelum
1919 585 1967 632 &
1985 597 2168 641 terram,
2186 586 2258 632 seu

265 646 410 716 Ange
429 666 480 700 os
502 667 612 709 curn
636 652 918 709 hominibuS,
958 665 1239 718 quapropter
1261 653 1322 700 ita
1339 651 1558 715 scriptum
1575 651 1656 707 est,
1691 664 1746 699 ut
1760 653 1819 700 ab
1838 650 2044 715 Angelis
2059 651 2261 715 spiritua-

264 719 370 768 liter
389 719 593 782 capiatur
609 734 718 767 cum
737 719 792 766 ab
816 718 1004 766 homine
1020 719 1296 777 naturaliter,
1332 719 1383 767 ὅτ
1406 719 1466 766 fic
1490 718 1696 766 sanftum
1731 733 1811 781 per
1845 717 2055 780 Angelos
2080 718 2258 775 influat,

266 796 350 851 per
366 786 493 851 quod
509 787 565 834 fit
587 785 724 834 unio·
751 785 838 834 tale
855 785 1141 834 estVerbum
1158 785 1314 834 tamin
1329 784 1594 842 Historicis,
1613 799 1754 848 quam
1775 783 1821 832 in
1842 784 2156 849 propheticis;
2182 785 2259 832 sed

258 853 443 902 sensus
433 864 632 900 internus
656 851 807 900 minus
829 863 1026 917 apparet
1041 852 1089 900 in
1117 851 1361 900 Historicis
1383 867 1526 916 quam
1544 854 1591 898 in
1616 850 1922 914 Propheticis,
1958 852 2067 916 quia
2094 851 2258 899 Histo-

260 922 354 969 rica
391 919 483 968 alio
504 916 630 982 stylo
641 917 894 983 conscripta
924 918 1046 975 sunt,
1083 917 1159 966 sed
1185 931 1338 967 tamen
1371 919 1514 983 usque
1547 922 1631 984 per
1653 917 1981 979 significativa·
2022 918 2258 968 Historica

262 987 369 1036 ideo
386 985 491 1033 data
512 986 632 1040 sunt,
651 998 705 1034 ut
730 983 921 1033 infantes
939 985 990 1033 &
1006 986 1143 1050 pueri
1165 984 1401 1032 initientur
1419 1000 1501 1050 per
1518 985 1621 1032 illa'
1610 999 1656 1031 in
1676 983 1820 1032 Verbi
1845 983 2108 1042 leetionem,
2147 1000 2252 1033 nam

260 1053 361 1103 sunt
382 1051 682 1110 delectabilia,
718 1052 770 1100 &
793 1050 981 1100 sedent
971 1067 1016 1099 m
1040 1051 1203 1099 animis
1222 1067 1402 1109 eorum,
1437 1065 1574 1116 perq
1576 1067 1652 1099 uae
1669 1051 1727 1099 fic
1743 1049 2105 1103 communicatio
2123 1051 2258 1100 datur

256 1119 350 1168 illis
372 1135 480 1167 cum
505 1119 651 1174 coelis,
697 1134 810 1183 quae
831 1118 1195 1167 communicatio
1218 1117 1283 1166 est
1306 1130 1448 1180 grata,
1483 1119 1592 1183 quia
1616 1118 1713 1164 illi
1704 1133 1755 1165 in
1769 1117 1918 1166 statu
1910 1119 2186 1166 innocentiae
2203 1120 2253 1166 δε

255 1185 486 1234 charitatis
521 1197 699 1234 mutuae
734 1183 876 1240 sunt,
929 1185 1030 1232 haec
1052 1185 1178 1233 causa
1199 1184 1281 1242 est,
1333 1185 1463 1250 quod
1491 1184 1696 1233 Verbum
1719 1184 1986 1232 historicum
2006 1186 2091 1233 fit:
2127 1185 2256 1250 quod

256 1253 468 1303 Verbum
499 1252 830 1317 propheticum
867 1252 938 1308 fit,
983 1250 1048 1299 est
1070 1252 1180 1316 quia
1209 1267 1318 1299 cum
1344 1252 1391 1299 id
1415 1251 1599 1314 legitur,
1656 1266 1747 1299 non
1784 1251 2070 1312 inteiligatur
2092 1253 2150 1299 ab
2172 1252 2257 1300 ho-

260 1320 387 1368 mine
411 1318 495 1367 nili
513 1318 740 1374 obscure,
775 1319 827 1366 δε
849 1334 957 1366 cum
980 1313 1037 1367 ab
1061 1318 1272 1376 homine,
1307 1318 1390 1383 qui
1417 1319 1515 1366 talis
1538 1317 1653 1366 ficut
1679 1317 1838 1374 hodie,
1877 1317 2152 1380 intelligitur
2170 1319 2256 1367 ob-

255 1386 459 1444 obscure,
495 1386 553 1433 ab
575 1384 745 1450 angelis
767 1385 1020 1450 percipitur
1041 1385 1191 1440 clare3
1228 1386 1362 1451 quod
1378 1385 1497 1433 mihi
1519 1385 1682 1433 datum
1705 1384 1770 1432 est
1792 1385 1898 1433 scire
1915 1401 1939 1432 a
1958 1385 2102 1434 multa
2115 1401 2258 1451 expe·
2268 1390 2274 1394 '

257 1454 435 1510 rientia,
483 1452 542 1500 de
580 1469 689 1517 qua,
735 1467 792 1500 ex
809 1452 983 1501 Divina
1008 1452 1203 1500 Domini
1226 1451 1558 1509 Misericordia,
1592 1452 1718 1500 alibi.

324 1520 473 1583 6334.
511 1519 651 1566 Vers:
682 1537 721 1568 1
751 1534 796 1567 2.
866 1521 931 1567 Et
958 1521 1135 1567 vocavit
1171 1518 1308 1582 Jacob
1334 1517 1453 1577 filios
1480 1519 1600 1582 ficos,
1637 1517 1694 1567 &³
1715 1517 1844 1575 dixit,
1897 1518 2159 1583 collegimini,
2197 1518 2254 1568 ἕξ

257 1585 453 1634 indicabo
490 1585 622 1634 vobis
651 1583 755 1648 quid
788 1587 997 1647 continget
1019 1586 1144 1640 vdb‘is
1184 1598 1230 1632 m
1245 1585 1539 1648 postremitate
1555 1584 1739 1634 dierum.
1812 1584 2011 1649 Congreg
2012 1588 2157 1639 amini,
2194 1585 2252 1634 ἐξ

253 1652 400 1702 audite
423 1651 518 1714 filii
554 1652 724 1714 Jacobi,
760 1650 816 1700 &³
833 1650 980 1700 audite
1003 1651 1066 1699 ad
1085 1653 1284 1716 Israelem
1316 1661 1490 1715 patrem
1522 1653 1725 1714 vestrum.
1796 1650 1863 1698 Et
1900 1654 2082 1699 vocavit
2103 1652 2253 1726 Jacob

252 1717 375 1768 filios
409 1718 528 1775 suos,
564 1716 787 1782 fignificat
822 1719 1159 1766 ordinationem
1197 1730 1415 1767 verorum
1450 1718 1559 1767 fidei
1583 1720 1634 1766 &
1659 1719 1890 1766 bonorum
1914 1718 2080 1765 amoris
2104 1719 2148 1764 in
2172 1734 2251 1767 na-

254 1785 416 1834 tural'i.
454 1786 504 1832 &
528 1784 666 1842 dixit,
702 1784 1004 1848 collegimini,
1052 1784 1276 1850 fignificat
1310 1785 1446 1832 fimul
1483 1785 1643 1832 omnia
1667 1784 1711 1830 in
1737 1800 1930 1847 genere:
1967 1785 2252 1833 &indicabo

251 1853 386 1900 vobis
409 1852 525 1917 quid
548 1852 791 1913 continget
814 1853 860 1898 in
880 1847 1200 1917 postremitate
1237 1851 1439 1907 dierum,
1475 1851 1698 1914 fignificat
1719 1851 1854 1915 quale
1873 1851 2011 1898 status
2034 1851 2250 1900 Ecclesiae

254 1919 302 1966 in
339 1918 420 1967 illo
455 1917 652 1966 ordine
640 1934 687 1966 ιη
712 1933 808 1981 quo
832 1929 972 1964 tunc:
1007 1917 1372 1982 congregamini,
1418 1917 1644 1980 fignificat
1665 1929 1717 1965 ut
1739 1917 1835 1982 ipsa
1858 1917 1899 1964 se
1921 1918 2162 1966 ordinent·
2198 1920 2250 1967 δε

252 1986 427 2034 audite
433 1984 516 2034 filii
541 1984 721 2048 Jacobi,
757 1983 984 2048 fignificat
1008 2000 1112 2031 vera
1150 1985 1201 2032 ὅτ
1233 1983 1387 2032 bona
1374 1999 1422 2032 in
1446 1983 1669 2032 naturali.
1705 1985 1756 2032 δε
1778 1983 1935 2031 audite
1958 1984 2014 2031 ad
2039 1984 2250 2034 Israelem

249 2065 431 2117 patrem
454 2051 675 2107 vestrum,
712 2050 939 2114 fignificat
960 2051 1106 2116 praedi
1109 2051 1314 2100 &ionem
1331 2050 1389 2100 de
1406 2050 1495 2099 illis
1512 2067 1536 2100 a
1553 2052 1678 2101 bono
1695 2050 1933 2116 spirituali,
1970 2050 2015 2133 in
2034 2050 2252 2116 supremo

249 2119 377 2167 sensu
403 2118 765 2168 Praevidentia'rn
791 2113 1004 2165 Domini.
1023 2142 1047 2170 ς

318 2187 350 2234 6
353 2200 466 2250 335
505 2184 571 2233 Et
592 2185 778 2234 vocavit
801 2183 947 2261 Jacob
970 2183 1089 2233 filios
1121 2182 1649 2250 suoS,quod1sgnificet
1668 2183 2007 2233 ordinationem
2030 2198 2247 2234 verorum

250 2253 361 2301 fidei
385 2252 436 2299 δε
460 2252 694 2300 bonorum
734 2250 904 2300 amoris
927 2252 975 2299 in
1002 2248 1216 2310 naturali,
1266 2252 1442 2300 constat
1464 2269 1488 2300 a
1511 2251 1843 2314 significatione
1878 2266 2060 2310 vocare,
2112 2253 2249 2316 quod

248 2319 306 2368 fit
327 2318 551 2375 ordinare,
587 2329 694 2367 narn
718 2315 858 2364 causa
863 2315 1208 2368 convocationis
1222 2331 1323 2366 erat
1342 2330 1393 2367 ut
1409 2319 1667 2367 sisterentur
1688 2333 1790 2366 vera
1813 2317 1920 2368 fidei
1940 2319 1990 2366 ὅτ
2008 2318 2127 2366 bona
2143 2319 2248 2365 cha-

250 2385 390 2434 ritatis
415 2386 460 2432 in
485 2385 561 2433 illa
584 2384 901 2442 ordinatione;
936 2385 986 2433 δε
1009 2402 1037 2434 a
1060 2385 1454 2449 repraesentatione
1478 2385 1643 2449 Jacobi
1668 2386 1719 2434 δε
1741 2383 1946 2434 filiorum
1966 2383 2078 2448 ejus,
2114 2385 2245 2449 quod

150 2444 154 2447 ⁴
252 2452 336 2501 fint
359 2467 464 2500 vera
496 2451 607 2500 fidei
637 2451 690 2498 &
707 2447 835 2500 bona
857 2451 1027 2501 amoris
1058 2452 1105 2500 in
1129 2452 1338 2508 naturali,
1373 2454 1502 2517 quod
1536 2448 1687 2514 Jacob'
1706 2452 1792 2500 sint
1816 2451 1924 2499 illa
1914 2467 1957 2498 ιη
1981 2451 2242 2509 communi,

253 2518 542 2566 videaturnt
571 2533 719 2582 3509
741 2527 884 2581 3525·
906 2534 1055 2585 3544·
1077 2519 1224 2583 3659
1248 2519 1394 2583 3669·
1416 2521 1560 2583 3677
1584 2533 1728 2592 3775
1750 2521 1841 2578 382
1851 2534 1895 2581 9-
1917 2534 1974 2576 49-
1986 2535 2067 2581 34
2084 2533 2238 2581 4273·

247 2599 399 2650 4337.
439 2584 585 2659 5506.
622 2597 769 2649 5533.
797 2600 942 2649 5535.
969 2585 1115 2635 6001.
1142 2585 1293 2649 6236,
1328 2587 1378 2634 &
1402 2585 1526 2650 quod
1550 2586 1634 2632 filii
1658 2601 1696 2648 eJ
1703 2600 1754 2632 us
1778 2584 1851 2631 seu
1875 2584 2045 2632 Tribus
2068 2584 2245 2631 abillis

246 2653 514 2709 nominatae,
551 2651 599 2699 in
621 2650 912 2715 particulari,
949 2667 1008 2698 n.-
1034 2655 1179 2714 3858.
1216 2653 1361 2726 3926.
1403 2669 1546 2716 3939.
1584 2654 1731 2711 4060.
1802 2651 1948 2715 Qod
1989 2651 2242 2699 ordinatio-

246 2734 356 2767 nem
381 2727 595 2765 verorum
621 2717 727 2765 fidei
750 2718 801 2766 &
823 2717 1049 2766 bonorum
1090 2719 1279 2774 amoris,
1317 2734 1426 2783 quae
1449 2719 1523 2766 hic
1547 2717 1837 2782 significatur,
1874 2716 1958 2764 &‘
1948 2733 1992 2764 in
2019 2717 2122 2764 sens
2115 2735 2144 2765 u
2169 2719 2239 2765 in-

246 2796 379 2832 terno
412 2785 456 2831 in
488 2784 577 2832 hoc
613 2783 779 2847 Capite
815 2783 996 2841 sistitur,
1031 2786 1208 2842 attinet,
1246 2785 1502 2843 sciendum,
1561 2784 1686 2849 quod
1710 2783 1955 2832 duodecim
1983 2785 2154 2831 Tribus
2176 2785 2238 2832 Is-

239 2851 375 2899 caelis
400 2850 557 2900 omnia
585 2865 688 2897 vera
713 2852 761 2897 δε
786 2849 939 2898 bona
927 2866 974 2897 ιη
999 2866 1095 2898 uno
1130 2851 1395 2916 complexu,
1434 2853 1481 2900 in
1506 2867 1668 2914 genere
1703 2849 2137 2914 repraesentaverint,
2175 2851 2239 2898 ita

241 2918 402 2966 omnia
438 2933 542 2964 vera
566 2918 616 2965 δε
639 2917 760 2964 bona
783 2932 892 2980 quae
926 2917 1182 2994 procedunt
1204 2935 1231 2967 a
1255 2919 1502 2976 Domino,
1535 2916 1729 2995 proinde
1761 2932 1869 2980 quae
1901 2915 2031 2965 sunt
2019 2933 2067 2964 1n
2091 2917 2235 2976 coelo,

242 2983 298 3031 ὅτ
316 2999 374 3032 ex
391 2985 556 3050 quibus
575 2984 781 3037 coelum·‚
819 2985 870 3032 ὅτ
892 2985 1000 3049 quia
1023 2985 1179 3030 omnia
1203 2985 1247 3031 in
1272 2996 1456 3046 genere,
1491 2986 1632 3032 etiam
1657 2983 1858 3045 lingula
1849 2999 1892 3029 in
1914 2982 2054 3046 specie
2071 2999 2239 3048 reprae-

251 3048 496 3109 sentantur,
546 3066 651 3098 nam
690 3063 856 3113 genera
881 3053 934 3097 in
953 3051 996 3098 se
1020 3050 1259 3098 continent
1283 3050 1466 3114 species,
1511 3050 1625 3098 ficut
1646 3049 1910 3098 communia
1927 3061 2088 3114 partes.
2159 3051 2242 3097 Se·

240 3117 448 3165 cundum
472 3117 592 3165 bona
614 3119 665 3166 δε
688 3117 795 3164 inde
821 3132 928 3165 vera
950 3117 1179 3164 variantur
1209 3117 1366 3164 luces
1356 3133 1402 3165 in
1425 3117 1563 3174 coe'lo,
1615 3118 1666 3166 ὅτ
1702 3115 1947 3164 lecundum
1973 3116 2090 3164 luces
2121 3119 2240 3164 vari·

238 3193 377 3229 antur
393 3181 538 3232 status
543 3183 863 3246 intelligentiae
887 3185 938 3232 &
963 3183 1230 3247 sapientiae;
1264 3183 1372 3231 inde
1396 3184 1476 3242 est,
1513 3184 1642 3249 quod
1670 3198 1750 3247 per
1772 3180 1915 3230 Urim
1934 3183 1984 3231 &
2002 3182 2236 3231 Thumim

150 3310 154 3312 q
244 3247 575 3325 transmicuerit
595 3267 646 3301 ac
670 3250 961 3304 transvibrata
984 3248 1121 3326 fuerit
1142 3250 1243 3307 lux,
1280 3251 1331 3298 δε
1353 3252 1546 3316 quidem
1564 3252 1690 3301 varie
1714 3249 1960 3300 secundum
1986 3249 2152 3299 statum
2177 3249 2242 3297 rei

1178 3286 1408 3367 H’hhz
2180 3316 2242 3363 de
