<?xml version="1.0" encoding="UTF-8"?>
<!DOCTYPE html PUBLIC "-//W3C//DTD XHTML 1.0 Transitional//EN"
    "http://www.w3.org/TR/xhtml1/DTD/xhtml1-transitional.dtd">
<html xmlns="http://www.w3.org/1999/xhtml" xml:lang="en" lang="en">
 <head>
  <title>
</title>
<meta http-equiv="Content-Type" content="text/html;charset=utf-8" />
  <meta name='ocr-system' content='tesseract 3.04.00' />
  <meta name='ocr-capabilities' content='ocr_page ocr_carea ocr_par ocr_line ocrx_word'/>
</head>
<body>
  <div class='ocr_page' id='page_1' title='image "arcanacaelestiaq05sweduoft_0262.png"; bbox 0 0 2606 3646; ppageno 0'>
   <div class='ocr_carea' id='block_1_1' title="bbox 372 151 2029 292">
    <p class='ocr_par' dir='ltr' id='par_1_1' title="bbox 306 151 2029 292">
     <span class='ocr_line' id='line_1_1' title="bbox 372 151 2029 292; baseline -0.003 -10.192"><span class='ocrx_word' id='word_1_1' title='bbox 372 213 650 292; x_wconf 53' lang='lat'>258„</span> <span class='ocrx_word' id='word_1_2' title='bbox 778 205 1044 277; x_wconf 77' lang='lat' dir='ltr'>GxE</span> <span class='ocrx_word' id='word_1_3' title='bbox 1179 151 1272 278; x_wconf 63' lang='lat' dir='ltr'>ix}</span> <span class='ocrx_word' id='word_1_4' title='bbox 1402 205 1470 280; x_wconf 75' lang='lat' dir='ltr'><em>E</em></span> <span class='ocrx_word' id='word_1_5' title='bbox 1606 205 1660 276; x_wconf 74' lang='lat' dir='ltr'><em>s</em></span> <span class='ocrx_word' id='word_1_6' title='bbox 1792 205 1844 276; x_wconf 85' lang='lat' dir='ltr'><em>J</em></span> <span class='ocrx_word' id='word_1_7' title='bbox 1955 203 2029 279; x_wconf 65' lang='lat'>5:</span> 
     </span>
    </p>
   </div>
   <div class='ocr_carea' id='block_1_2' title="bbox 377 337 2439 3323">
    <p class='ocr_par' dir='ltr' id='par_1_2' title="bbox 377 337 2439 2136">
     <span class='ocr_line' id='line_1_2' title="bbox 377 337 2363 404; baseline 0.001 -17"><span class='ocrx_word' id='word_1_8' title='bbox 377 356 430 387; x_wconf 85' lang='lat' dir='ltr'>us</span> <span class='ocrx_word' id='word_1_9' title='bbox 461 351 569 386; x_wconf 75' lang='lat' dir='ltr'>ante</span> <span class='ocrx_word' id='word_1_10' title='bbox 604 354 705 396; x_wconf 74' lang='lat' dir='ltr'>VOS,</span> <span class='ocrx_word' id='word_1_11' title='bbox 741 340 865 402; x_wconf 88' lang='lat' dir='ltr'>quod</span> <span class='ocrx_word' id='word_1_12' title='bbox 894 338 1116 402; x_wconf 80' lang='lat' dir='ltr'>significet</span> <span class='ocrx_word' id='word_1_13' title='bbox 1137 354 1194 386; x_wconf 86' lang='lat' dir='ltr'>ex</span> <span class='ocrx_word' id='word_1_14' title='bbox 1213 337 1506 388; x_wconf 88' lang='lat' dir='ltr'>Providentia</span> <span class='ocrx_word' id='word_1_15' title='bbox 1528 356 1561 386; x_wconf 72' lang='grc' dir='ltr'>ε.</span> <span class='ocrx_word' id='word_1_16' title='bbox 1585 340 1709 404; x_wconf 92' lang='lat' dir='ltr'>quod</span> <span class='ocrx_word' id='word_1_17' title='bbox 1734 355 1791 389; x_wconf 82' lang='lat' dir='ltr'>ex</span> <span class='ocrx_word' id='word_1_18' title='bbox 1810 338 2124 396; x_wconf 68' lang='lat' dir='ltr'>Providentia,</span> <span class='ocrx_word' id='word_1_19' title='bbox 2161 339 2363 392; x_wconf 82' lang='lat' dir='ltr'>constare</span> 
     </span>
     <span class='ocr_line' id='line_1_3' title="bbox 380 405 2403 471; baseline 0.001 -16"><span class='ocrx_word' id='word_1_20' title='bbox 380 406 528 470; x_wconf 75' lang='lat' dir='ltr'>potest</span> <span class='ocrx_word' id='word_1_21' title='bbox 553 422 611 454; x_wconf 84' lang='lat' dir='ltr'>ex</span> <span class='ocrx_word' id='word_1_22' title='bbox 638 406 822 454; x_wconf 82' lang='lat' dir='ltr'>somniis</span> <span class='ocrx_word' id='word_1_23' title='bbox 847 406 1051 468; x_wconf 79' lang='lat' dir='ltr'>josephi,</span> <span class='ocrx_word' id='word_1_24' title='bbox 1085 406 1249 467; x_wconf 89' lang='lat' dir='ltr'>quibus</span> <span class='ocrx_word' id='word_1_25' title='bbox 1280 405 1574 470; x_wconf 65' lang='lat' dir='ltr'>praedictum,</span> <span class='ocrx_word' id='word_1_26' title='bbox 1611 406 1738 471; x_wconf 90' lang='lat' dir='ltr'>quod</span> <span class='ocrx_word' id='word_1_27' title='bbox 1770 408 1811 454; x_wconf 87' lang='lat' dir='ltr'>se</span> <span class='ocrx_word' id='word_1_28' title='bbox 1835 407 2120 455; x_wconf 88' lang='lat' dir='ltr'>incurvarent</span> <span class='ocrx_word' id='word_1_29' title='bbox 2142 407 2181 454; x_wconf 87' lang='lat' dir='ltr'>ei</span> <span class='ocrx_word' id='word_1_30' title='bbox 2206 406 2372 457; x_wconf 79' lang='lat' dir='ltr'>fratres.</span> <span class='ocrx_word' id='word_1_31' title='bbox 2401 456 2403 458; x_wconf 78' lang='grc'>,</span> 
     </span>
     <span class='ocr_line' id='line_1_4' title="bbox 380 471 2404 537; baseline 0.001 -18"><span class='ocrx_word' id='word_1_32' title='bbox 380 474 494 536; x_wconf 55' lang='grc' dir='ltr'>(ἠως,</span> <span class='ocrx_word' id='word_1_33' title='bbox 535 487 585 520; x_wconf 88' lang='lat' dir='ltr'>ut</span> <span class='ocrx_word' id='word_1_34' title='bbox 609 475 656 521; x_wconf 71' lang='grc' dir='ltr'>δε</span> <span class='ocrx_word' id='word_1_35' title='bbox 682 486 806 536; x_wconf 85' lang='lat' dir='ltr'>pater</span> <span class='ocrx_word' id='word_1_36' title='bbox 828 472 935 536; x_wconf 82' lang='lat' dir='ltr'>ejus,</span> <span class='ocrx_word' id='word_1_37' title='bbox 971 471 1095 535; x_wconf 91' lang='lat' dir='ltr'>quod</span> <span class='ocrx_word' id='word_1_38' title='bbox 1118 472 1199 520; x_wconf 89' lang='lat' dir='ltr'>nifi</span> <span class='ocrx_word' id='word_1_39' title='bbox 1222 471 1457 534; x_wconf 87' lang='lat' dir='ltr'>provisum</span> <span class='ocrx_word' id='word_1_40' title='bbox 1484 487 1567 519; x_wconf 89' lang='lat' dir='ltr'>nec</span> <span class='ocrx_word' id='word_1_41' title='bbox 1590 472 1842 536; x_wconf 86' lang='lat' dir='ltr'>praevisum&#39;</span> <span class='ocrx_word' id='word_1_42' title='bbox 1878 474 2040 522; x_wconf 79' lang='lat' dir='ltr'>fuiffet.</span> <span class='ocrx_word' id='word_1_43' title='bbox 2113 473 2256 536; x_wconf 79' lang='lat' dir='ltr'>Qlod</span> <span class='ocrx_word' id='word_1_44' title='bbox 2284 488 2367 537; x_wconf 63' lang='lat' dir='ltr'>per:</span> <span class='ocrx_word' id='word_1_45' title='bbox 2400 520 2404 521; x_wconf 18' lang='lat'><em>⁷</em></span> 
     </span>
     <span class='ocr_line' id='line_1_5' title="bbox 381 537 2376 606; baseline 0.001 -21"><span class='ocrx_word' id='word_1_46' title='bbox 381 540 744 587; x_wconf 67' lang='lat' dir='ltr'>vivificationem</span> <span class='ocrx_word' id='word_1_47' title='bbox 770 541 817 587; x_wconf 75' lang='grc' dir='ltr'>δε</span> <span class='ocrx_word' id='word_1_48' title='bbox 843 539 1090 593; x_wconf 85' lang='lat' dir='ltr'>vivificare,</span> <span class='ocrx_word' id='word_1_49' title='bbox 1127 539 1408 600; x_wconf 76' lang='lat' dir='ltr'>significetur</span> <span class='ocrx_word' id='word_1_50' title='bbox 1430 538 1527 586; x_wconf 83' lang='lat' dir='ltr'>vita</span> <span class='ocrx_word' id='word_1_51' title='bbox 1552 537 1810 602; x_wconf 81' lang='lat' dir='ltr'>spiritualiS,</span> <span class='ocrx_word' id='word_1_52' title='bbox 1847 539 1918 588; x_wconf 89' lang='lat' dir='ltr'>seu</span> <span class='ocrx_word' id='word_1_53' title='bbox 1945 541 2044 588; x_wconf 88' lang='lat' dir='ltr'>vita·</span> <span class='ocrx_word' id='word_1_54' title='bbox 2061 556 2179 588; x_wconf 84' lang='lat' dir='ltr'>nova</span> <span class='ocrx_word' id='word_1_55' title='bbox 2198 557 2275 606; x_wconf 87' lang='lat' dir='ltr'>per</span> <span class='ocrx_word' id='word_1_56' title='bbox 2300 556 2376 588; x_wconf 85' lang='lat' dir='ltr'>re·-</span> 
     </span>
     <span class='ocr_line' id='line_1_6' title="bbox 380 603 2364 669; baseline 0.001 -18"><span class='ocrx_word' id='word_1_57' title='bbox 380 607 738 667; x_wconf 75' lang='lat' dir='ltr'>generationem‚</span> <span class='ocrx_word' id='word_1_58' title='bbox 775 605 973 655; x_wconf 82' lang='lat' dir='ltr'>constare</span> <span class='ocrx_word' id='word_1_59' title='bbox 1014 603 1162 668; x_wconf 85' lang='lat' dir='ltr'>potest</span> <span class='ocrx_word' id='word_1_60' title='bbox 1195 619 1252 651; x_wconf 87' lang='lat' dir='ltr'>ex</span> <span class='ocrx_word' id='word_1_61' title='bbox 1276 619 1330 652; x_wconf 84' lang='lat' dir='ltr'>eo</span> <span class='ocrx_word' id='word_1_62' title='bbox 1355 603 1461 652; x_wconf 88' lang='lat' dir='ltr'>solo:</span> <span class='ocrx_word' id='word_1_63' title='bbox 1498 605 1627 669; x_wconf 85' lang='lat' dir='ltr'>quod</span> <span class='ocrx_word' id='word_1_64' title='bbox 1662 605 1890 669; x_wconf 82' lang='lat' dir='ltr'>spirituale</span> <span class='ocrx_word' id='word_1_65' title='bbox 1928 606 2071 657; x_wconf 87' lang='lat' dir='ltr'>Verbi</span> <span class='ocrx_word' id='word_1_66' title='bbox 2110 623 2202 655; x_wconf 82' lang='lat' dir='ltr'>non</span> <span class='ocrx_word' id='word_1_67' title='bbox 2240 606 2364 655; x_wconf 89' lang='lat' dir='ltr'>aliud</span> 
     </span>
     <span class='ocr_line' id='line_1_7' title="bbox 383 670 2364 736; baseline 0.003 -20"><span class='ocrx_word' id='word_1_68' title='bbox 383 675 515 734; x_wconf 36' lang='lat' dir='ltr'>pszyssit</span> <span class='ocrx_word' id='word_1_69' title='bbox 541 671 625 719; x_wconf 78' lang='lat' dir='ltr'>effe</span> <span class='ocrx_word' id='word_1_70' title='bbox 650 693 663 727; x_wconf 90' lang='lat'>·‚</span> <span class='ocrx_word' id='word_1_71' title='bbox 700 672 762 718; x_wconf 84' lang='lat' dir='ltr'>est</span> <span class='ocrx_word' id='word_1_72' title='bbox 788 674 882 720; x_wconf 84' lang='lat' dir='ltr'>vita</span> <span class='ocrx_word' id='word_1_73' title='bbox 906 671 1117 719; x_wconf 81' lang='lat' dir='ltr'>naturalis</span> <span class='ocrx_word' id='word_1_74' title='bbox 1143 672 1193 718; x_wconf 73' lang='grc' dir='ltr'>ὅτ</span> <span class='ocrx_word' id='word_1_75' title='bbox 1216 670 1281 718; x_wconf 86' lang='lat' dir='ltr'>est</span> <span class='ocrx_word' id='word_1_76' title='bbox 1311 672 1401 718; x_wconf 86' lang='lat' dir='ltr'>vita</span> <span class='ocrx_word' id='word_1_77' title='bbox 1438 670 1695 735; x_wconf 87' lang='lat' dir='ltr'>spiritualis,</span> <span class='ocrx_word' id='word_1_78' title='bbox 1732 670 1826 718; x_wconf 89' lang='lat' dir='ltr'>vita</span> <span class='ocrx_word' id='word_1_79' title='bbox 1852 672 2062 720; x_wconf 81' lang='lat' dir='ltr'>naturalis</span> <span class='ocrx_word' id='word_1_80' title='bbox 2092 674 2364 736; x_wconf 76' lang='lat' dir='ltr'>intelligitur</span> 
     </span>
     <span class='ocr_line' id='line_1_8' title="bbox 386 735 2362 802; baseline 0.001 -16"><span class='ocrx_word' id='word_1_81' title='bbox 386 742 430 786; x_wconf 74' lang='lat' dir='ltr'>in</span> <span class='ocrx_word' id='word_1_82' title='bbox 473 739 617 786; x_wconf 83' lang='lat' dir='ltr'>Verbi</span> <span class='ocrx_word' id='word_1_83' title='bbox 658 737 805 786; x_wconf 54' lang='lat' dir='ltr'>sensu*</span> <span class='ocrx_word' id='word_1_84' title='bbox 827 740 986 795; x_wconf 85' lang='lat' dir='ltr'>literae,</span> <span class='ocrx_word' id='word_1_85' title='bbox 1022 750 1068 786; x_wconf 90' lang='lat' dir='ltr'>at</span> <span class='ocrx_word' id='word_1_86' title='bbox 1097 736 1336 801; x_wconf 86' lang='lat' dir='ltr'>spiritualis</span> <span class='ocrx_word' id='word_1_87' title='bbox 1359 738 1406 784; x_wconf 92' lang='lat' dir='ltr'>in</span> <span class='ocrx_word' id='word_1_88' title='bbox 1431 737 1559 785; x_wconf 88' lang='lat' dir='ltr'>sensu</span> <span class='ocrx_word' id='word_1_89' title='bbox 1587 739 1781 799; x_wconf 71' lang='lat' dir='ltr'>interim,</span> <span class='ocrx_word' id='word_1_90' title='bbox 1819 735 2078 802; x_wconf 80' lang='lat' dir='ltr'>&amp;quoque</span> <span class='ocrx_word' id='word_1_91' title='bbox 2119 741 2282 791; x_wconf 69' lang='lat' dir='ltr'>multis,</span> <span class='ocrx_word' id='word_1_92' title='bbox 2315 741 2362 789; x_wconf 83' lang='lat' dir='ltr'>in</span> 
     </span>
     <span class='ocr_line' id='line_1_9' title="bbox 385 802 2377 869; baseline -0.001 -17"><span class='ocrx_word' id='word_1_93' title='bbox 385 805 494 852; x_wconf 73' lang='lat' dir='ltr'>locis</span> <span class='ocrx_word' id='word_1_94' title='bbox 519 814 599 869; x_wconf 76' lang='lat' dir='ltr'>per</span> <span class='ocrx_word' id='word_1_95' title='bbox 622 805 855 852; x_wconf 79' lang='lat' dir='ltr'>vivificare</span> <span class='ocrx_word' id='word_1_96' title='bbox 873 806 922 853; x_wconf 76' lang='grc' dir='ltr'>δε</span> <span class='ocrx_word' id='word_1_97' title='bbox 941 821 1021 869; x_wconf 91' lang='lat' dir='ltr'>per</span> <span class='ocrx_word' id='word_1_98' title='bbox 1041 802 1186 851; x_wconf 83' lang='lat' dir='ltr'>vitam</span> <span class='ocrx_word' id='word_1_99' title='bbox 1204 804 1296 868; x_wconf 81' lang='lat' dir='ltr'>ipsa</span> <span class='ocrx_word' id='word_1_100' title='bbox 1315 804 1409 851; x_wconf 87' lang='lat' dir='ltr'>vita</span> <span class='ocrx_word' id='word_1_101' title='bbox 1427 804 1667 868; x_wconf 85' lang='lat' dir='ltr'>spiritualis</span> <span class='ocrx_word' id='word_1_102' title='bbox 1691 804 1963 868; x_wconf 74' lang='lat' dir='ltr'>intelligitur</span> <span class='ocrx_word' id='word_1_103' title='bbox 1980 807 2026 853; x_wconf 88' lang='lat' dir='ltr'>in</span> <span class='ocrx_word' id='word_1_104' title='bbox 2053 804 2175 852; x_wconf 87' lang='lat' dir='ltr'>sensu</span> <span class='ocrx_word' id='word_1_105' title='bbox 2192 806 2332 855; x_wconf 86' lang='lat' dir='ltr'>literae</span> <span class='ocrx_word' id='word_1_106' title='bbox 2349 827 2377 862; x_wconf 65' lang='grc' dir='ltr'>ς.</span> 
     </span>
     <span class='ocr_line' id='line_1_10' title="bbox 386 869 2383 935; baseline 0 -16"><span class='ocrx_word' id='word_1_107' title='bbox 386 886 438 919; x_wconf 82' lang='lat' dir='ltr'>ut</span> <span class='ocrx_word' id='word_1_108' title='bbox 456 872 577 935; x_wconf 86' lang='lat' dir='ltr'>apud</span> <span class='ocrx_word' id='word_1_109' title='bbox 600 872 892 920; x_wconf 82' lang='lat' dir='ltr'>Ezechielem</span> <span class='ocrx_word' id='word_1_110' title='bbox 929 880 973 901; x_wconf 81' lang='grc'>“·</span> <span class='ocrx_word' id='word_1_111' title='bbox 987 871 1107 919; x_wconf 87' lang='lat' dir='ltr'>Cum</span> <span class='ocrx_word' id='word_1_112' title='bbox 1126 870 1287 919; x_wconf 87' lang='lat' dir='ltr'>dixero</span> <span class='ocrx_word' id='word_1_113' title='bbox 1306 869 1472 935; x_wconf 84' lang='lat' dir='ltr'>impio,</span> <span class='ocrx_word' id='word_1_114' title='bbox 1508 871 1723 920; x_wconf 82' lang='lat' dir='ltr'>moriendo.</span> <span class='ocrx_word' id='word_1_115' title='bbox 1737 874 1944 928; x_wconf 81' lang='lat' dir='ltr'>morieris,</span> <span class='ocrx_word' id='word_1_116' title='bbox 1979 887 2062 919; x_wconf 82' lang='lat' dir='ltr'>nec</span> <span class='ocrx_word' id='word_1_117' title='bbox 2077 872 2383 930; x_wconf 81' lang='lat' dir='ltr'>admonueris.</span> 
     </span>
     <span class='ocr_line' id='line_1_11' title="bbox 388 936 2372 1002; baseline -0.001 -16"><span class='ocrx_word' id='word_1_118' title='bbox 388 941 540 994; x_wconf 84' lang='lat' dir='ltr'>illum,</span> <span class='ocrx_word' id='word_1_119' title='bbox 578 954 659 985; x_wconf 88' lang='lat' dir='ltr'>nec</span> <span class='ocrx_word' id='word_1_120' title='bbox 685 938 898 1001; x_wconf 78' lang='lat' dir='ltr'>loquutus</span> <span class='ocrx_word' id='word_1_121' title='bbox 919 936 1055 986; x_wconf 86' lang='lat' dir='ltr'>fueris</span> <span class='ocrx_word' id='word_1_122' title='bbox 1077 937 1132 984; x_wconf 91' lang='lat' dir='ltr'>ad</span> <span class='ocrx_word' id='word_1_123' title='bbox 1154 937 1487 986; x_wconf 88' lang='lat' dir='ltr'>dehortandum</span> <span class='ocrx_word' id='word_1_124' title='bbox 1513 938 1713 1002; x_wconf 82' lang='lat' dir='ltr'>impium</span> <span class='ocrx_word' id='word_1_125' title='bbox 1737 956 1763 986; x_wconf 94' lang='lat' dir='ltr'>a</span> <span class='ocrx_word' id='word_1_126' title='bbox 1786 939 1861 985; x_wconf 91' lang='lat' dir='ltr'>via</span> <span class='ocrx_word' id='word_1_127' title='bbox 1884 937 1978 1000; x_wconf 87' lang='lat' dir='ltr'>ejus</span> <span class='ocrx_word' id='word_1_128' title='bbox 1998 939 2116 987; x_wconf 87' lang='lat' dir='ltr'>mala</span> <span class='ocrx_word' id='word_1_129' title='bbox 2139 937 2199 986; x_wconf 85' lang='lat' dir='ltr'>ad</span> <span class='ocrx_word' id='word_1_130' title='bbox 2218 937 2372 998; x_wconf 78' lang='lat' dir='ltr'>vivifi-—</span> 
     </span>
     <span class='ocr_line' id='line_1_12' title="bbox 390 1004 2366 1070; baseline 0.001 -19"><span class='ocrx_word' id='word_1_131' title='bbox 390 1005 568 1053; x_wconf 66' lang='lat' dir='ltr'>candum</span> <span class='ocrx_word' id='word_1_132' title='bbox 594 1005 713 1052; x_wconf 77' lang='lat' dir='ltr'>illum</span> <span class='ocrx_word' id='word_1_133' title='bbox 730 1004 760 1027; x_wconf 78' lang='lat'>&#39;&#39;</span> <span class='ocrx_word' id='word_1_134' title='bbox 797 1021 860 1052; x_wconf 86' lang='lat'>111</span> <span class='ocrx_word' id='word_1_135' title='bbox 883 1023 902 1051; x_wconf 64' lang='lat'>:0</span> <span class='ocrx_word' id='word_1_136' title='bbox 929 1008 1002 1054; x_wconf 77' lang='lat'>18.</span> <span class='ocrx_word' id='word_1_137' title='bbox 1074 1004 1223 1067; x_wconf 84' lang='lat' dir='ltr'>Apud</span> <span class='ocrx_word' id='word_1_138' title='bbox 1240 1004 1530 1052; x_wconf 50' lang='lat' dir='ltr'>Eundemss</span> <span class='ocrx_word' id='word_1_139' title='bbox 1554 1005 1979 1069; x_wconf 58' lang='lat' dir='ltr'>Prophanastis‘Me</span> <span class='ocrx_word' id='word_1_140' title='bbox 2003 1005 2120 1069; x_wconf 86' lang='lat' dir='ltr'>apud</span> <span class='ocrx_word' id='word_1_141' title='bbox 2142 1006 2366 1070; x_wconf 88' lang='lat' dir='ltr'>populum</span> 
     </span>
     <span class='ocr_line' id='line_1_13' title="bbox 391 1069 2364 1136; baseline 0 -17"><span class='ocrx_word' id='word_1_142' title='bbox 391 1088 549 1120; x_wconf 85' lang='lat' dir='ltr'>meum</span> <span class='ocrx_word' id='word_1_143' title='bbox 571 1088 653 1135; x_wconf 90' lang='lat' dir='ltr'>pro</span> <span class='ocrx_word' id='word_1_144' title='bbox 678 1071 863 1135; x_wconf 82' lang='lat' dir='ltr'>pugillis</span> <span class='ocrx_word' id='word_1_145' title='bbox 887 1071 1166 1118; x_wconf 86' lang='lat' dir='ltr'>hordeorum</span> <span class='ocrx_word' id='word_1_146' title='bbox 1190 1071 1238 1118; x_wconf 75' lang='grc' dir='ltr'>δε</span> <span class='ocrx_word' id='word_1_147' title='bbox 1264 1086 1349 1134; x_wconf 86' lang='lat' dir='ltr'>pro</span> <span class='ocrx_word' id='word_1_148' title='bbox 1371 1069 1522 1118; x_wconf 85' lang='lat' dir='ltr'>frustis</span> <span class='ocrx_word' id='word_1_149' title='bbox 1544 1079 1691 1134; x_wconf 84' lang='lat' dir='ltr'>panis,</span> <span class='ocrx_word' id='word_1_150' title='bbox 1729 1071 1785 1119; x_wconf 83' lang='lat' dir='ltr'>ad</span> <span class='ocrx_word' id='word_1_151' title='bbox 1809 1069 2070 1120; x_wconf 83' lang='lat' dir='ltr'>occidendum</span> <span class='ocrx_word' id='word_1_152' title='bbox 2089 1074 2254 1120; x_wconf 83' lang='lat' dir='ltr'>animas</span> <span class='ocrx_word' id='word_1_153' title='bbox 2272 1089 2364 1136; x_wconf 79' lang='lat' dir='ltr'>quoe</span> 
     </span>
     <span class='ocr_line' id='line_1_14' title="bbox 388 1135 2387 1200; baseline 0 -15"><span class='ocrx_word' id='word_1_154' title='bbox 388 1155 468 1195; x_wconf 70' lang='lat' dir='ltr'>non</span> <span class='ocrx_word' id='word_1_155' title='bbox 502 1142 611 1186; x_wconf 82' lang='lat' dir='ltr'>mori</span> <span class='ocrx_word' id='word_1_156' title='bbox 633 1137 793 1195; x_wconf 83' lang='lat' dir='ltr'>debent,</span> <span class='ocrx_word' id='word_1_157' title='bbox 831 1139 881 1185; x_wconf 71' lang='grc' dir='ltr'>ὅτ</span> <span class='ocrx_word' id='word_1_158' title='bbox 904 1139 961 1185; x_wconf 90' lang='lat' dir='ltr'>ad</span> <span class='ocrx_word' id='word_1_159' title='bbox 983 1135 1292 1195; x_wconf 84' lang='lat' dir='ltr'>vivificandum</span> <span class='ocrx_word' id='word_1_160' title='bbox 1327 1137 1499 1185; x_wconf 88' lang='lat' dir='ltr'>animas</span> <span class='ocrx_word' id='word_1_161' title='bbox 1517 1152 1623 1200; x_wconf 87' lang='lat' dir='ltr'>quae</span> <span class='ocrx_word' id='word_1_162' title='bbox 1646 1153 1742 1186; x_wconf 86' lang='lat' dir='ltr'>non·</span> <span class='ocrx_word' id='word_1_163' title='bbox 1761 1139 1914 1185; x_wconf 83' lang='lat' dir='ltr'>vivere</span> <span class='ocrx_word' id='word_1_164' title='bbox 1941 1138 2122 1187; x_wconf 83' lang='lat' dir='ltr'>debent.</span> <span class='ocrx_word' id='word_1_165' title='bbox 2193 1138 2387 1186; x_wconf 78' lang='lat' dir='ltr'>Confir-·</span> 
     </span>
     <span class='ocr_line' id='line_1_15' title="bbox 390 1203 2379 1268; baseline -0.001 -16"><span class='ocrx_word' id='word_1_166' title='bbox 390 1205 521 1253; x_wconf 81' lang='lat' dir='ltr'>matis</span> <span class='ocrx_word' id='word_1_167' title='bbox 547 1221 707 1253; x_wconf 86' lang='lat' dir='ltr'>manus</span> <span class='ocrx_word' id='word_1_168' title='bbox 730 1204 884 1268; x_wconf 87' lang='lat' dir='ltr'>impii,</span> <span class='ocrx_word' id='word_1_169' title='bbox 921 1218 974 1251; x_wconf 88' lang='lat' dir='ltr'>ut</span> <span class='ocrx_word' id='word_1_170' title='bbox 999 1220 1090 1251; x_wconf 89' lang='lat' dir='ltr'>non</span> <span class='ocrx_word' id='word_1_171' title='bbox 1114 1216 1361 1252; x_wconf 89' lang='lat' dir='ltr'>revertatur</span> <span class='ocrx_word' id='word_1_172' title='bbox 1378 1220 1405 1253; x_wconf 79' lang='lat' dir='ltr'>a</span> <span class='ocrx_word' id='word_1_173' title='bbox 1420 1205 1497 1257; x_wconf 83' lang='lat' dir='ltr'>via</span> <span class='ocrx_word' id='word_1_174' title='bbox 1512 1204 1588 1252; x_wconf 87' lang='lat' dir='ltr'>sua</span> <span class='ocrx_word' id='word_1_175' title='bbox 1607 1205 1724 1253; x_wconf 86' lang='lat' dir='ltr'>mala</span> <span class='ocrx_word' id='word_1_176' title='bbox 1741 1203 2004 1264; x_wconf 83' lang='lat' dir='ltr'>vivificando</span> <span class='ocrx_word' id='word_1_177' title='bbox 2026 1204 2144 1252; x_wconf 84' lang='lat' dir='ltr'>illum</span> <span class='ocrx_word' id='word_1_178' title='bbox 2165 1204 2196 1228; x_wconf 79' lang='lat'>&#39;⁹</span> <span class='ocrx_word' id='word_1_179' title='bbox 2231 1221 2332 1252; x_wconf 78' lang='lat' dir='ltr'>xru</span> <span class='ocrx_word' id='word_1_180' title='bbox 2350 1223 2379 1252; x_wconf 89' lang='lat'>:.</span> 
     </span>
     <span class='ocr_line' id='line_1_16' title="bbox 397 1270 2370 1335; baseline -0.001 -16"><span class='ocrx_word' id='word_1_181' title='bbox 397 1291 412 1319; x_wconf 88' lang='lat'>1</span> <span class='ocrx_word' id='word_1_182' title='bbox 427 1289 475 1334; x_wconf 85' lang='lat'>9.-</span> <span class='ocrx_word' id='word_1_183' title='bbox 504 1287 582 1320; x_wconf 85' lang='lat'>22.</span> <span class='ocrx_word' id='word_1_184' title='bbox 654 1271 802 1335; x_wconf 86' lang='lat' dir='ltr'>Apud</span> <span class='ocrx_word' id='word_1_185' title='bbox 830 1270 1096 1319; x_wconf 83' lang='lat' dir='ltr'>Hoscheam</span> <span class='ocrx_word' id='word_1_186' title='bbox 1133 1277 1165 1300; x_wconf 87' lang='lat'><strong>“</strong></span> <span class='ocrx_word' id='word_1_187' title='bbox 1189 1271 1403 1334; x_wconf 82' lang='lat' dir='ltr'>Jehovah</span> <span class='ocrx_word' id='word_1_188' title='bbox 1426 1270 1667 1330; x_wconf 84' lang='lat' dir='ltr'>vivificabit</span> <span class='ocrx_word' id='word_1_189' title='bbox 1688 1288 1758 1320; x_wconf 85' lang='lat' dir='ltr'>nos</span> <span class='ocrx_word' id='word_1_190' title='bbox 1782 1271 1880 1334; x_wconf 88' lang='lat' dir='ltr'>post</span> <span class='ocrx_word' id='word_1_191' title='bbox 1905 1270 2114 1328; x_wconf 86' lang='lat' dir='ltr'>biduum,</span> <span class='ocrx_word' id='word_1_192' title='bbox 2150 1272 2200 1319; x_wconf 66' lang='grc' dir='ltr'>δὲ</span> <span class='ocrx_word' id='word_1_193' title='bbox 2223 1270 2268 1318; x_wconf 89' lang='lat' dir='ltr'>in</span> <span class='ocrx_word' id='word_1_194' title='bbox 2292 1271 2370 1319; x_wconf 91' lang='lat' dir='ltr'>die</span> 
     </span>
     <span class='ocr_line' id='line_1_17' title="bbox 391 1336 2370 1402; baseline 0.001 -17"><span class='ocrx_word' id='word_1_195' title='bbox 391 1339 527 1386; x_wconf 89' lang='lat' dir='ltr'>tertio</span> <span class='ocrx_word' id='word_1_196' title='bbox 551 1338 694 1400; x_wconf 80' lang='lat' dir='ltr'>eriget</span> <span class='ocrx_word' id='word_1_197' title='bbox 718 1353 814 1395; x_wconf 89' lang='lat' dir='ltr'>nos,</span> <span class='ocrx_word' id='word_1_198' title='bbox 851 1351 903 1384; x_wconf 91' lang='lat' dir='ltr'>ut</span> <span class='ocrx_word' id='word_1_199' title='bbox 925 1340 1128 1386; x_wconf 84' lang='lat' dir='ltr'>vivamus</span> <span class='ocrx_word' id='word_1_200' title='bbox 1152 1352 1303 1385; x_wconf 87' lang='lat' dir='ltr'>coram</span> <span class='ocrx_word' id='word_1_201' title='bbox 1330 1337 1434 1401; x_wconf 89' lang='lat' dir='ltr'>Ipso</span> <span class='ocrx_word' id='word_1_202' title='bbox 1453 1336 1484 1360; x_wconf 81' lang='lat'>&#39;⁹</span> <span class='ocrx_word' id='word_1_203' title='bbox 1519 1354 1568 1385; x_wconf 78' lang='lat' dir='ltr'>vr</span> <span class='ocrx_word' id='word_1_204' title='bbox 1591 1354 1607 1385; x_wconf 91' lang='lat'>.·</span> <span class='ocrx_word' id='word_1_205' title='bbox 1634 1354 1676 1386; x_wconf 87' lang='lat'>2.</span> <span class='ocrx_word' id='word_1_206' title='bbox 1749 1337 1896 1402; x_wconf 89' lang='lat' dir='ltr'>Apud</span> <span class='ocrx_word' id='word_1_207' title='bbox 1934 1338 2167 1402; x_wconf 81' lang='lat' dir='ltr'>Davidem</span> <span class='ocrx_word' id='word_1_208' title='bbox 2205 1346 2237 1375; x_wconf 70' lang='lat'>‘⁶</span> <span class='ocrx_word' id='word_1_209' title='bbox 2263 1338 2370 1387; x_wconf 83' lang='lat' dir='ltr'>Nifi</span> 
     </span>
     <span class='ocr_line' id='line_1_18' title="bbox 390 1403 2371 1468; baseline 0.001 -17"><span class='ocrx_word' id='word_1_210' title='bbox 390 1406 619 1452; x_wconf 74' lang='lat' dir='ltr'>crederem</span> <span class='ocrx_word' id='word_1_211' title='bbox 659 1404 811 1452; x_wconf 85' lang='lat' dir='ltr'>videre</span> <span class='ocrx_word' id='word_1_212' title='bbox 849 1404 1021 1452; x_wconf 87' lang='lat' dir='ltr'>bonum</span> <span class='ocrx_word' id='word_1_213' title='bbox 1046 1406 1089 1452; x_wconf 84' lang='lat' dir='ltr'>in</span> <span class='ocrx_word' id='word_1_214' title='bbox 1112 1413 1233 1452; x_wconf 86' lang='lat' dir='ltr'>terra</span> <span class='ocrx_word' id='word_1_215' title='bbox 1258 1406 1364 1453; x_wconf 80' lang='lat' dir='ltr'>vitae</span> <span class='ocrx_word' id='word_1_216' title='bbox 1382 1403 1414 1423; x_wconf 91' lang='lat'>&#39;’</span> <span class='ocrx_word' id='word_1_217' title='bbox 1451 1403 1601 1452; x_wconf 86' lang='lat' dir='ltr'>Psalm</span> <span class='ocrx_word' id='word_1_218' title='bbox 1623 1422 1634 1452; x_wconf 89' lang='lat'>:</span> <span class='ocrx_word' id='word_1_219' title='bbox 1659 1420 1799 1453; x_wconf 82' lang='lat' dir='ltr'>xxvu</span> <span class='ocrx_word' id='word_1_220' title='bbox 1821 1421 1837 1450; x_wconf 89' lang='lat'><em>:</em></span> <span class='ocrx_word' id='word_1_221' title='bbox 1866 1421 1939 1467; x_wconf 83' lang='lat'>13.</span> <span class='ocrx_word' id='word_1_222' title='bbox 2010 1405 2154 1468; x_wconf 88' lang='lat' dir='ltr'>Apud</span> <span class='ocrx_word' id='word_1_223' title='bbox 2196 1405 2371 1467; x_wconf 89' lang='lat' dir='ltr'>Johan-</span> 
     </span>
     <span class='ocr_line' id='line_1_19' title="bbox 393 1470 2370 1538; baseline 0.001 -19"><span class='ocrx_word' id='word_1_224' title='bbox 393 1488 499 1519; x_wconf 86' lang='lat' dir='ltr'>nem</span> <span class='ocrx_word' id='word_1_225' title='bbox 537 1480 571 1515; x_wconf 84' lang='grc'>“.</span> <span class='ocrx_word' id='word_1_226' title='bbox 596 1473 695 1538; x_wconf 82' lang='lat' dir='ltr'>Qi</span> <span class='ocrx_word' id='word_1_227' title='bbox 719 1470 878 1528; x_wconf 87' lang='lat' dir='ltr'>vincit,</span> <span class='ocrx_word' id='word_1_228' title='bbox 917 1471 1036 1519; x_wconf 84' lang='lat' dir='ltr'>dabo</span> <span class='ocrx_word' id='word_1_229' title='bbox 1059 1482 1108 1519; x_wconf 87' lang='lat' dir='ltr'>ut</span> <span class='ocrx_word' id='word_1_230' title='bbox 1138 1471 1351 1519; x_wconf 85' lang='lat' dir='ltr'>comedat</span> <span class='ocrx_word' id='word_1_231' title='bbox 1372 1470 1430 1518; x_wconf 91' lang='lat' dir='ltr'>de</span> <span class='ocrx_word' id='word_1_232' title='bbox 1453 1471 1607 1520; x_wconf 87' lang='lat' dir='ltr'>arbore</span> <span class='ocrx_word' id='word_1_233' title='bbox 1627 1473 1747 1527; x_wconf 71' lang='lat' dir='ltr'>vita,</span> <span class='ocrx_word' id='word_1_234' title='bbox 1781 1484 1891 1532; x_wconf 86' lang='lat' dir='ltr'>quae</span> <span class='ocrx_word' id='word_1_235' title='bbox 1914 1470 1978 1517; x_wconf 92' lang='lat' dir='ltr'>est</span> <span class='ocrx_word' id='word_1_236' title='bbox 1995 1472 2043 1517; x_wconf 86' lang='lat' dir='ltr'>in</span> <span class='ocrx_word' id='word_1_237' title='bbox 2068 1470 2370 1536; x_wconf 21' lang='lat' dir='ltr'>mediodpara-</span> 
     </span>
     <span class='ocr_line' id='line_1_20' title="bbox 393 1535 2370 1602; baseline 0 -16"><span class='ocrx_word' id='word_1_238' title='bbox 393 1539 475 1586; x_wconf 86' lang='lat' dir='ltr'>difi</span> <span class='ocrx_word' id='word_1_239' title='bbox 502 1537 636 1586; x_wconf 89' lang='lat' dir='ltr'>Dei”</span> <span class='ocrx_word' id='word_1_240' title='bbox 672 1539 835 1602; x_wconf 87' lang='lat' dir='ltr'>Apoc:</span> <span class='ocrx_word' id='word_1_241' title='bbox 862 1552 901 1584; x_wconf 91' lang='lat'>11</span> <span class='ocrx_word' id='word_1_242' title='bbox 923 1554 937 1583; x_wconf 93' lang='lat'><em>:</em></span> <span class='ocrx_word' id='word_1_243' title='bbox 963 1551 1011 1602; x_wconf 88' lang='lat'>7.</span> <span class='ocrx_word' id='word_1_244' title='bbox 1070 1537 1218 1600; x_wconf 88' lang='lat' dir='ltr'>Apud</span> <span class='ocrx_word' id='word_1_245' title='bbox 1237 1537 1497 1597; x_wconf 88' lang='lat' dir='ltr'>Johannem</span> <span class='ocrx_word' id='word_1_246' title='bbox 1517 1537 1861 1599; x_wconf 80' lang='lat' dir='ltr'>Evangelistam</span> <span class='ocrx_word' id='word_1_247' title='bbox 1900 1545 1935 1568; x_wconf 87' lang='lat'><strong>“</strong></span> <span class='ocrx_word' id='word_1_248' title='bbox 1955 1535 2370 1600; x_wconf 81' lang='lat' dir='ltr'>Qemadmodum</span> 
     </span>
     <span class='ocr_line' id='line_1_21' title="bbox 398 1601 2369 1667; baseline -0.001 -14"><span class='ocrx_word' id='word_1_249' title='bbox 398 1606 534 1653; x_wconf 85' lang='lat' dir='ltr'>Pater</span> <span class='ocrx_word' id='word_1_250' title='bbox 562 1601 751 1655; x_wconf 14' lang='lat' dir='ltr'>*suscitat</span> <span class='ocrx_word' id='word_1_251' title='bbox 779 1605 998 1661; x_wconf 65' lang='lat' dir='ltr'>mortuos,</span> <span class='ocrx_word' id='word_1_252' title='bbox 1055 1602 1106 1650; x_wconf 87' lang='lat'>&amp;</span> <span class='ocrx_word' id='word_1_253' title='bbox 1128 1602 1342 1663; x_wconf 82' lang='lat' dir='ltr'>vivificat,</span> <span class='ocrx_word' id='word_1_254' title='bbox 1379 1605 1440 1653; x_wconf 91' lang='lat' dir='ltr'>ita</span> <span class='ocrx_word' id='word_1_255' title='bbox 1463 1604 1603 1652; x_wconf 87' lang='lat' dir='ltr'>etiam</span> <span class='ocrx_word' id='word_1_256' title='bbox 1640 1603 1788 1652; x_wconf 84' lang='lat' dir='ltr'>Filius</span> <span class='ocrx_word' id='word_1_257' title='bbox 1806 1619 1937 1667; x_wconf 82' lang='lat' dir='ltr'>,quos</span> <span class='ocrx_word' id='word_1_258' title='bbox 1976 1603 2079 1651; x_wconf 85' lang='lat' dir='ltr'>vult</span> <span class='ocrx_word' id='word_1_259' title='bbox 2114 1605 2319 1663; x_wconf 78' lang='lat' dir='ltr'>vivificat</span> <span class='ocrx_word' id='word_1_260' title='bbox 2338 1604 2369 1628; x_wconf 77' lang='lat'>’⁹</span> 
     </span>
     <span class='ocr_line' id='line_1_22' title="bbox 396 1668 2439 1735; baseline 0 -16"><span class='ocrx_word' id='word_1_261' title='bbox 396 1688 428 1719; x_wconf 91' lang='lat' dir='ltr'>v</span> <span class='ocrx_word' id='word_1_262' title='bbox 449 1689 545 1721; x_wconf 21' lang='lat'>:721</span> <span class='ocrx_word' id='word_1_263' title='bbox 572 1689 583 1719; x_wconf 74' lang='grc' dir='ltr'>ε</span> <span class='ocrx_word' id='word_1_264' title='bbox 619 1672 738 1735; x_wconf 90' lang='lat' dir='ltr'>apud</span> <span class='ocrx_word' id='word_1_265' title='bbox 774 1670 990 1719; x_wconf 90' lang='lat' dir='ltr'>Eundem</span> <span class='ocrx_word' id='word_1_266' title='bbox 1026 1677 1060 1700; x_wconf 85' lang='lat'><strong>“</strong></span> <span class='ocrx_word' id='word_1_267' title='bbox 1084 1669 1275 1734; x_wconf 88' lang='lat' dir='ltr'>Spiritus</span> <span class='ocrx_word' id='word_1_268' title='bbox 1298 1669 1363 1718; x_wconf 86' lang='lat' dir='ltr'>est</span> <span class='ocrx_word' id='word_1_269' title='bbox 1397 1668 1478 1735; x_wconf 80' lang='lat' dir='ltr'>qui</span> <span class='ocrx_word' id='word_1_270' title='bbox 1502 1668 1739 1729; x_wconf 72' lang='lat' dir='ltr'>vivificat,</span> <span class='ocrx_word' id='word_1_271' title='bbox 1769 1684 1874 1717; x_wconf 83' lang='lat' dir='ltr'>caro</span> <span class='ocrx_word' id='word_1_272' title='bbox 1897 1686 1988 1717; x_wconf 90' lang='lat' dir='ltr'>non</span> <span class='ocrx_word' id='word_1_273' title='bbox 2019 1670 2204 1733; x_wconf 87' lang='lat' dir='ltr'>prodest</span> <span class='ocrx_word' id='word_1_274' title='bbox 2241 1673 2389 1734; x_wconf 68' lang='lat' dir='ltr'>quic--</span> <span class='ocrx_word' id='word_1_275' title='bbox 2435 1698 2439 1700; x_wconf 96' lang='lat'>-</span> 
     </span>
     <span class='ocr_line' id='line_1_23' title="bbox 396 1736 2372 1803; baseline -0.001 -16"><span class='ocrx_word' id='word_1_276' title='bbox 396 1755 535 1802; x_wconf 86' lang='lat' dir='ltr'>quam</span> <span class='ocrx_word' id='word_1_277' title='bbox 546 1760 576 1794; x_wconf 54' lang='lat' dir='ltr'>v&gt;;</span> <span class='ocrx_word' id='word_1_278' title='bbox 613 1754 719 1803; x_wconf 84' lang='lat' dir='ltr'>quae</span> <span class='ocrx_word' id='word_1_279' title='bbox 746 1738 856 1799; x_wconf 89' lang='lat' dir='ltr'>Ego</span> <span class='ocrx_word' id='word_1_280' title='bbox 878 1737 1046 1802; x_wconf 88' lang='lat' dir='ltr'>loquor</span> <span class='ocrx_word' id='word_1_281' title='bbox 1068 1737 1222 1794; x_wconf 89' lang='lat' dir='ltr'>verba,</span> <span class='ocrx_word' id='word_1_282' title='bbox 1258 1736 1439 1801; x_wconf 78' lang='lat' dir='ltr'>spiritus</span> <span class='ocrx_word' id='word_1_283' title='bbox 1478 1737 1582 1785; x_wconf 87' lang='lat' dir='ltr'>sunt</span> <span class='ocrx_word' id='word_1_284' title='bbox 1605 1738 1656 1785; x_wconf 76' lang='grc' dir='ltr'>ὅτ</span> <span class='ocrx_word' id='word_1_285' title='bbox 1678 1739 1777 1786; x_wconf 74' lang='lat' dir='ltr'>vita‘</span> <span class='ocrx_word' id='word_1_286' title='bbox 1810 1737 1912 1784; x_wconf 69' lang='lat' dir='ltr'>sunt</span> <span class='ocrx_word' id='word_1_287' title='bbox 1930 1736 1961 1759; x_wconf 77' lang='lat'>&#39;²</span> <span class='ocrx_word' id='word_1_288' title='bbox 1985 1752 2035 1782; x_wconf 84' lang='lat' dir='ltr'>vi</span> <span class='ocrx_word' id='word_1_289' title='bbox 2057 1754 2075 1783; x_wconf 72' lang='lat' dir='ltr'>,z</span> <span class='ocrx_word' id='word_1_290' title='bbox 2098 1740 2157 1799; x_wconf 83' lang='lat'>63</span> <span class='ocrx_word' id='word_1_291' title='bbox 2182 1758 2196 1792; x_wconf 77' lang='lat'><em>3</em></span> <span class='ocrx_word' id='word_1_292' title='bbox 2231 1736 2276 1784; x_wconf 93' lang='lat' dir='ltr'>in</span> <span class='ocrx_word' id='word_1_293' title='bbox 2300 1738 2372 1786; x_wconf 86' lang='lat' dir='ltr'>his</span> 
     </span>
     <span class='ocr_line' id='line_1_24' title="bbox 395 1799 2372 1868; baseline -0.001 -16"><span class='ocrx_word' id='word_1_294' title='bbox 395 1806 506 1853; x_wconf 89' lang='lat' dir='ltr'>locis</span> <span class='ocrx_word' id='word_1_295' title='bbox 530 1805 758 1853; x_wconf 88' lang='lat' dir='ltr'>vivificare</span> <span class='ocrx_word' id='word_1_296' title='bbox 776 1805 825 1853; x_wconf 88' lang='lat'>&amp;</span> <span class='ocrx_word' id='word_1_297' title='bbox 843 1806 938 1859; x_wconf 85' lang='lat' dir='ltr'>vita</span> <span class='ocrx_word' id='word_1_298' title='bbox 951 1802 1188 1851; x_wconf 81' lang='lat' dir='ltr'>manifeste</span> <span class='ocrx_word' id='word_1_299' title='bbox 1212 1819 1297 1868; x_wconf 85' lang='lat' dir='ltr'>pro</span> <span class='ocrx_word' id='word_1_300' title='bbox 1315 1804 1408 1851; x_wconf 91' lang='lat' dir='ltr'>vita</span> <span class='ocrx_word' id='word_1_301' title='bbox 1425 1803 1661 1868; x_wconf 88' lang='lat' dir='ltr'>spirituali,</span> <span class='ocrx_word' id='word_1_302' title='bbox 1698 1819 1806 1868; x_wconf 85' lang='lat' dir='ltr'>quae</span> <span class='ocrx_word' id='word_1_303' title='bbox 1826 1802 1891 1850; x_wconf 89' lang='lat' dir='ltr'>est</span> <span class='ocrx_word' id='word_1_304' title='bbox 1914 1804 2007 1850; x_wconf 86' lang='lat' dir='ltr'>vita</span> <span class='ocrx_word' id='word_1_305' title='bbox 2026 1802 2070 1848; x_wconf 92' lang='lat' dir='ltr'>in</span> <span class='ocrx_word' id='word_1_306' title='bbox 2089 1799 2228 1860; x_wconf 80' lang='lat' dir='ltr'>coelo,</span> <span class='ocrx_word' id='word_1_307' title='bbox 2263 1820 2372 1868; x_wconf 86' lang='lat' dir='ltr'>quae</span> 
     </span>
     <span class='ocr_line' id='line_1_25' title="bbox 394 1868 2387 1937; baseline -0.001 -17"><span class='ocrx_word' id='word_1_308' title='bbox 394 1887 581 1937; x_wconf 84' lang='lat' dir='ltr'>quoque</span> <span class='ocrx_word' id='word_1_309' title='bbox 623 1871 885 1937; x_wconf 82' lang='lat' dir='ltr'>simpliciter</span> <span class='ocrx_word' id='word_1_310' title='bbox 926 1872 1018 1919; x_wconf 88' lang='lat' dir='ltr'>vita</span> <span class='ocrx_word' id='word_1_311' title='bbox 1058 1882 1262 1928; x_wconf 86' lang='lat' dir='ltr'>vocatur,</span> <span class='ocrx_word' id='word_1_312' title='bbox 1297 1883 1349 1918; x_wconf 90' lang='lat' dir='ltr'>ut</span> <span class='ocrx_word' id='word_1_313' title='bbox 1371 1869 1494 1934; x_wconf 87' lang='lat' dir='ltr'>apud</span> <span class='ocrx_word' id='word_1_314' title='bbox 1529 1870 1818 1918; x_wconf 83' lang='lat' dir='ltr'>Matthaeum</span> <span class='ocrx_word' id='word_1_315' title='bbox 1854 1877 1887 1899; x_wconf 90' lang='lat'><strong>“</strong></span> <span class='ocrx_word' id='word_1_316' title='bbox 1912 1868 2123 1931; x_wconf 88' lang='lat' dir='ltr'>Angusta</span> <span class='ocrx_word' id='word_1_317' title='bbox 2146 1870 2195 1917; x_wconf 72' lang='grc' dir='ltr'>δε</span> <span class='ocrx_word' id='word_1_318' title='bbox 2219 1868 2387 1918; x_wconf 63' lang='lat' dir='ltr'>stricta-</span> 
     </span>
     <span class='ocr_line' id='line_1_26' title="bbox 393 1934 2370 2002; baseline 0.001 -17"><span class='ocrx_word' id='word_1_319' title='bbox 393 1939 470 1986; x_wconf 86' lang='lat' dir='ltr'>v-ia</span> <span class='ocrx_word' id='word_1_320' title='bbox 495 1938 573 1996; x_wconf 86' lang='lat' dir='ltr'>est,</span> <span class='ocrx_word' id='word_1_321' title='bbox 609 1954 717 2002; x_wconf 87' lang='lat' dir='ltr'>quae</span> <span class='ocrx_word' id='word_1_322' title='bbox 739 1937 854 1986; x_wconf 82' lang='lat' dir='ltr'>ducit</span> <span class='ocrx_word' id='word_1_323' title='bbox 873 1936 934 1984; x_wconf 85' lang='lat' dir='ltr'>ad</span> <span class='ocrx_word' id='word_1_324' title='bbox 953 1940 1106 1994; x_wconf 83' lang='lat' dir='ltr'>vitam,</span> <span class='ocrx_word' id='word_1_325' title='bbox 1143 1938 1192 1985; x_wconf 73' lang='grc' dir='ltr'>δε</span> <span class='ocrx_word' id='word_1_326' title='bbox 1211 1936 1341 2002; x_wconf 88' lang='lat' dir='ltr'>pauci</span> <span class='ocrx_word' id='word_1_327' title='bbox 1366 1937 1468 1985; x_wconf 87' lang='lat' dir='ltr'>sunt</span> <span class='ocrx_word' id='word_1_328' title='bbox 1483 1936 1564 2000; x_wconf 80' lang='lat' dir='ltr'>qui</span> <span class='ocrx_word' id='word_1_329' title='bbox 1583 1936 1823 1985; x_wconf 86' lang='lat' dir='ltr'>inveniunt</span> <span class='ocrx_word' id='word_1_330' title='bbox 1844 1935 1972 1986; x_wconf 83' lang='lat' dir='ltr'>illam</span> <span class='ocrx_word' id='word_1_331' title='bbox 1992 1934 2025 1955; x_wconf 89' lang='lat'>&#39;’</span> <span class='ocrx_word' id='word_1_332' title='bbox 2063 1950 2138 1983; x_wconf 91' lang='lat' dir='ltr'>v11</span> <span class='ocrx_word' id='word_1_333' title='bbox 2159 1953 2174 1983; x_wconf 91' lang='lat'><em>:</em></span> <span class='ocrx_word' id='word_1_334' title='bbox 2204 1954 2281 1997; x_wconf 90' lang='lat'>14,</span> <span class='ocrx_word' id='word_1_335' title='bbox 2318 1937 2370 1985; x_wconf 72' lang='grc' dir='ltr'>δε</span> 
     </span>
     <span class='ocr_line' id='line_1_27' title="bbox 398 2003 2385 2070; baseline -0.001 -17"><span class='ocrx_word' id='word_1_336' title='bbox 398 2005 524 2062; x_wconf 89' lang='lat' dir='ltr'>alibi,</span> <span class='ocrx_word' id='word_1_337' title='bbox 561 2006 723 2053; x_wconf 84' lang='lat' dir='ltr'>intrare</span> <span class='ocrx_word' id='word_1_338' title='bbox 755 2008 801 2053; x_wconf 85' lang='lat' dir='ltr'>in</span> <span class='ocrx_word' id='word_1_339' title='bbox 823 2007 964 2052; x_wconf 86' lang='lat' dir='ltr'>vitam</span> <span class='ocrx_word' id='word_1_340' title='bbox 989 2020 1080 2069; x_wconf 84' lang='lat' dir='ltr'>pro</span> <span class='ocrx_word' id='word_1_341' title='bbox 1099 2004 1146 2051; x_wconf 90' lang='lat' dir='ltr'>in</span> <span class='ocrx_word' id='word_1_342' title='bbox 1169 2004 1365 2064; x_wconf 85' lang='lat' dir='ltr'>coelum,</span> <span class='ocrx_word' id='word_1_343' title='bbox 1402 2003 1595 2054; x_wconf 90' lang='lat' dir='ltr'>Matth:</span> <span class='ocrx_word' id='word_1_344' title='bbox 1621 2019 1786 2070; x_wconf 52' lang='lat' dir='ltr'>xviris</span> <span class='ocrx_word' id='word_1_345' title='bbox 1813 2005 1856 2052; x_wconf 87' lang='lat'>8.</span> <span class='ocrx_word' id='word_1_346' title='bbox 1882 2019 1930 2068; x_wconf 88' lang='lat'>9.</span> <span class='ocrx_word' id='word_1_347' title='bbox 1991 2003 2120 2067; x_wconf 87' lang='lat' dir='ltr'>Cap:</span> <span class='ocrx_word' id='word_1_348' title='bbox 2145 2018 2262 2051; x_wconf 74' lang='lat' dir='ltr'><strong>xxx:</strong></span> <span class='ocrx_word' id='word_1_349' title='bbox 2293 2017 2385 2068; x_wconf 76' lang='lat'>17..</span> 
     </span>
     <span class='ocr_line' id='line_1_28' title="bbox 382 2071 2018 2136; baseline -0.002 -15"><span class='ocrx_word' id='word_1_350' title='bbox 382 2074 567 2121; x_wconf 88' lang='lat' dir='ltr'>-Marc:</span> <span class='ocrx_word' id='word_1_351' title='bbox 600 2089 682 2120; x_wconf 81' lang='lat' dir='ltr'>ix:</span> <span class='ocrx_word' id='word_1_352' title='bbox 707 2090 788 2136; x_wconf 85' lang='lat'>43.</span> <span class='ocrx_word' id='word_1_353' title='bbox 813 2087 892 2133; x_wconf 87' lang='lat'>45.</span> <span class='ocrx_word' id='word_1_354' title='bbox 917 2087 998 2134; x_wconf 89' lang='lat'>47.</span> <span class='ocrx_word' id='word_1_355' title='bbox 1056 2071 1150 2132; x_wconf 92' lang='lat' dir='ltr'>Joh</span> <span class='ocrx_word' id='word_1_356' title='bbox 1173 2088 1183 2118; x_wconf 89' lang='lat'><strong>:</strong></span> <span class='ocrx_word' id='word_1_357' title='bbox 1210 2087 1271 2118; x_wconf 91' lang='lat' dir='ltr'>v:</span> <span class='ocrx_word' id='word_1_358' title='bbox 1300 2086 1377 2132; x_wconf 84' lang='lat'>24.</span> <span class='ocrx_word' id='word_1_359' title='bbox 1470 2086 1473 2088; x_wconf 87' lang='lat'>·</span> <span class='ocrx_word' id='word_1_360' title='bbox 1707 2114 1710 2117; x_wconf 77' lang='grc'><strong><em>,</em></strong></span> <span class='ocrx_word' id='word_1_361' title='bbox 1832 2073 1834 2075; x_wconf 72' lang='grc'><strong><em>’</em></strong></span> <span class='ocrx_word' id='word_1_362' title='bbox 2016 2080 2018 2082; x_wconf 82' lang='grc'><strong>’</strong></span> 
     </span>
    </p>

    <p class='ocr_par' dir='ltr' id='par_1_3' title="bbox 397 2136 2436 3276">
     <span class='ocr_line' id='line_1_29' title="bbox 470 2136 2372 2203; baseline -0.001 -17"><span class='ocrx_word' id='word_1_363' title='bbox 470 2141 613 2202; x_wconf 82' lang='lat'>5891.</span> <span class='ocrx_word' id='word_1_364' title='bbox 651 2140 697 2187; x_wconf 89' lang='lat' dir='ltr'>V</span> <span class='ocrx_word' id='word_1_365' title='bbox 699 2140 773 2186; x_wconf 90' lang='lat' dir='ltr'>ers</span> <span class='ocrx_word' id='word_1_366' title='bbox 779 2157 796 2186; x_wconf 87' lang='lat'>.·</span> <span class='ocrx_word' id='word_1_367' title='bbox 834 2139 878 2185; x_wconf 89' lang='lat'>6.</span> <span class='ocrx_word' id='word_1_368' title='bbox 907 2153 950 2201; x_wconf 93' lang='lat'>7.</span> <span class='ocrx_word' id='word_1_369' title='bbox 979 2141 1022 2185; x_wconf 89' lang='lat'>8.</span> <span class='ocrx_word' id='word_1_370' title='bbox 1091 2136 1211 2200; x_wconf 79' lang='lat' dir='ltr'>Qia</span> <span class='ocrx_word' id='word_1_371' title='bbox 1231 2138 1323 2194; x_wconf 84' lang='lat' dir='ltr'>hoc,</span> <span class='ocrx_word' id='word_1_372' title='bbox 1358 2140 1461 2187; x_wconf 82' lang='lat' dir='ltr'>anni</span> <span class='ocrx_word' id='word_1_373' title='bbox 1483 2137 1564 2187; x_wconf 83' lang='lat' dir='ltr'>duo</span> <span class='ocrx_word' id='word_1_374' title='bbox 1575 2139 1719 2203; x_wconf 83' lang='lat' dir='ltr'>famis</span> <span class='ocrx_word' id='word_1_375' title='bbox 1741 2138 1787 2185; x_wconf 89' lang='lat' dir='ltr'>in</span> <span class='ocrx_word' id='word_1_376' title='bbox 1810 2137 1937 2187; x_wconf 85' lang='lat' dir='ltr'>medio</span> <span class='ocrx_word' id='word_1_377' title='bbox 1958 2144 2106 2195; x_wconf 71' lang='lat' dir='ltr'>terme,</span> <span class='ocrx_word' id='word_1_378' title='bbox 2143 2136 2198 2186; x_wconf 61' lang='grc' dir='ltr'>ἐφ’</span> <span class='ocrx_word' id='word_1_379' title='bbox 2234 2136 2372 2185; x_wconf 87' lang='lat' dir='ltr'>adhuc</span> 
     </span>
     <span class='ocr_line' id='line_1_30' title="bbox 399 2203 2372 2271; baseline 0 -19"><span class='ocrx_word' id='word_1_380' title='bbox 399 2208 574 2271; x_wconf 74' lang='lat' dir='ltr'>quinque</span> <span class='ocrx_word' id='word_1_381' title='bbox 595 2208 714 2263; x_wconf 88' lang='lat' dir='ltr'>anni,</span> <span class='ocrx_word' id='word_1_382' title='bbox 749 2205 893 2270; x_wconf 82' lang='lat' dir='ltr'>quibus</span> <span class='ocrx_word' id='word_1_383' title='bbox 914 2205 1031 2253; x_wconf 88' lang='lat' dir='ltr'><em>nulla</em></span> <span class='ocrx_word' id='word_1_384' title='bbox 1052 2207 1196 2251; x_wconf 84' lang='lat' dir='ltr'>aratio</span> <span class='ocrx_word' id='word_1_385' title='bbox 1220 2204 1275 2253; x_wconf 57' lang='grc' dir='ltr'>Β</span> <span class='ocrx_word' id='word_1_386' title='bbox 1299 2205 1453 2266; x_wconf 64' lang='lat' dir='ltr'>meffis.&gt;</span> <span class='ocrx_word' id='word_1_387' title='bbox 1513 2206 1577 2252; x_wconf 90' lang='lat' dir='ltr'>Et</span> <span class='ocrx_word' id='word_1_388' title='bbox 1600 2205 1712 2264; x_wconf 83' lang='lat' dir='ltr'>mifit</span> <span class='ocrx_word' id='word_1_389' title='bbox 1733 2220 1797 2252; x_wconf 84' lang='lat' dir='ltr'>me</span> <span class='ocrx_word' id='word_1_390' title='bbox 1819 2207 1941 2254; x_wconf 85' lang='lat' dir='ltr'>Deus</span> <span class='ocrx_word' id='word_1_391' title='bbox 1974 2214 2074 2253; x_wconf 87' lang='lat' dir='ltr'>ante</span> <span class='ocrx_word' id='word_1_392' title='bbox 2094 2221 2186 2261; x_wconf 86' lang='lat' dir='ltr'>vos,</span> <span class='ocrx_word' id='word_1_393' title='bbox 2223 2203 2283 2250; x_wconf 87' lang='lat' dir='ltr'>ad</span> <span class='ocrx_word' id='word_1_394' title='bbox 2297 2219 2372 2268; x_wconf 86' lang='lat' dir='ltr'>po·</span> 
     </span>
     <span class='ocr_line' id='line_1_31' title="bbox 399 2270 2371 2336; baseline -0.001 -17"><span class='ocrx_word' id='word_1_395' title='bbox 399 2272 576 2319; x_wconf 83' lang='lat' dir='ltr'>nendum</span> <span class='ocrx_word' id='word_1_396' title='bbox 603 2273 719 2321; x_wconf 83' lang='lat' dir='ltr'>vobis</span> <span class='ocrx_word' id='word_1_397' title='bbox 755 2273 951 2336; x_wconf 82' lang='lat' dir='ltr'>reliquias</span> <span class='ocrx_word' id='word_1_398' title='bbox 974 2274 1019 2318; x_wconf 86' lang='lat' dir='ltr'>in</span> <span class='ocrx_word' id='word_1_399' title='bbox 1041 2280 1178 2327; x_wconf 86' lang='lat' dir='ltr'>terra,</span> <span class='ocrx_word' id='word_1_400' title='bbox 1214 2270 1270 2320; x_wconf 63' lang='grc' dir='ltr'>δέ*</span> <span class='ocrx_word' id='word_1_401' title='bbox 1302 2271 1362 2318; x_wconf 90' lang='lat' dir='ltr'>ad</span> <span class='ocrx_word' id='word_1_402' title='bbox 1380 2270 1682 2331; x_wconf 85' lang='lat' dir='ltr'>vivificandum</span> <span class='ocrx_word' id='word_1_403' title='bbox 1710 2287 1783 2319; x_wconf 87' lang='lat' dir='ltr'>vos</span> <span class='ocrx_word' id='word_1_404' title='bbox 1807 2271 1867 2320; x_wconf 86' lang='lat' dir='ltr'>ad</span> <span class='ocrx_word' id='word_1_405' title='bbox 1887 2272 2119 2333; x_wconf 84' lang='lat' dir='ltr'>evastonem</span> <span class='ocrx_word' id='word_1_406' title='bbox 2158 2286 2371 2335; x_wconf 81' lang='lat' dir='ltr'>magnam.</span> 
     </span>
     <span class='ocr_line' id='line_1_32' title="bbox 402 2336 2367 2400; baseline -0.001 -14"><span class='ocrx_word' id='word_1_407' title='bbox 402 2341 468 2386; x_wconf 83' lang='lat' dir='ltr'>Et</span> <span class='ocrx_word' id='word_1_408' title='bbox 491 2355 598 2387; x_wconf 86' lang='lat' dir='ltr'>nunc</span> <span class='ocrx_word' id='word_1_409' title='bbox 620 2355 698 2386; x_wconf 86' lang='lat' dir='ltr'>non</span> <span class='ocrx_word' id='word_1_410' title='bbox 731 2354 810 2386; x_wconf 86' lang='lat' dir='ltr'>vos</span> <span class='ocrx_word' id='word_1_411' title='bbox 845 2337 1005 2398; x_wconf 74' lang='lat' dir='ltr'>miſjstis</span> <span class='ocrx_word' id='word_1_412' title='bbox 1039 2352 1102 2384; x_wconf 85' lang='lat' dir='ltr'>me</span> <span class='ocrx_word' id='word_1_413' title='bbox 1123 2338 1220 2394; x_wconf 88' lang='lat' dir='ltr'>huc,</span> <span class='ocrx_word' id='word_1_414' title='bbox 1244 2336 1324 2400; x_wconf 87' lang='lat' dir='ltr'>sed</span> <span class='ocrx_word' id='word_1_415' title='bbox 1342 2339 1479 2394; x_wconf 83' lang='lat' dir='ltr'>Deus,</span> <span class='ocrx_word' id='word_1_416' title='bbox 1513 2337 1571 2387; x_wconf 70' lang='lat'>{9²</span> <span class='ocrx_word' id='word_1_417' title='bbox 1587 2337 1726 2400; x_wconf 68' lang='lat' dir='ltr'>peficit</span> <span class='ocrx_word' id='word_1_418' title='bbox 1748 2354 1812 2386; x_wconf 84' lang='lat' dir='ltr'>me</span> <span class='ocrx_word' id='word_1_419' title='bbox 1842 2337 1902 2385; x_wconf 86' lang='lat' dir='ltr'>ad</span> <span class='ocrx_word' id='word_1_420' title='bbox 1916 2347 2084 2400; x_wconf 83' lang='lat' dir='ltr'>patrem</span> <span class='ocrx_word' id='word_1_421' title='bbox 2125 2337 2367 2394; x_wconf 81' lang='lat' dir='ltr'>Pharaoni,</span> 
     </span>
     <span class='ocr_line' id='line_1_33' title="bbox 402 2403 2400 2470; baseline 0 -15"><span class='ocrx_word' id='word_1_422' title='bbox 402 2405 459 2455; x_wconf 56' lang='grc' dir='ltr'>δ’</span> <span class='ocrx_word' id='word_1_423' title='bbox 481 2404 541 2455; x_wconf 80' lang='lat' dir='ltr'>ad</span> <span class='ocrx_word' id='word_1_424' title='bbox 560 2405 770 2453; x_wconf 86' lang='lat' dir='ltr'>dominum</span> <span class='ocrx_word' id='word_1_425' title='bbox 791 2407 902 2452; x_wconf 83' lang='lat' dir='ltr'>omni</span> <span class='ocrx_word' id='word_1_426' title='bbox 923 2404 1064 2452; x_wconf 87' lang='lat' dir='ltr'>domui</span> <span class='ocrx_word' id='word_1_427' title='bbox 1073 2405 1186 2466; x_wconf 81' lang='lat' dir='ltr'>suae,</span> <span class='ocrx_word' id='word_1_428' title='bbox 1223 2403 1278 2453; x_wconf 60' lang='grc' dir='ltr'>ἔθ’</span> <span class='ocrx_word' id='word_1_429' title='bbox 1301 2403 1500 2452; x_wconf 63' lang='lat' dir='ltr'>dominor&gt;</span> <span class='ocrx_word' id='word_1_430' title='bbox 1513 2406 1559 2452; x_wconf 86' lang='lat' dir='ltr'>in</span> <span class='ocrx_word' id='word_1_431' title='bbox 1580 2406 1693 2452; x_wconf 86' lang='lat' dir='ltr'>omni</span> <span class='ocrx_word' id='word_1_432' title='bbox 1713 2405 2052 2470; x_wconf 84' lang='lat' dir='ltr'>terra·AEgypti.</span> <span class='ocrx_word' id='word_1_433' title='bbox 2125 2405 2248 2467; x_wconf 81' lang='lat' dir='ltr'>Qia</span> <span class='ocrx_word' id='word_1_434' title='bbox 2266 2403 2400 2465; x_wconf 51' lang='lat' dir='ltr'>hoc„</span> 
     </span>
     <span class='ocr_line' id='line_1_34' title="bbox 400 2470 2372 2536; baseline -0.001 -16"><span class='ocrx_word' id='word_1_435' title='bbox 400 2471 627 2536; x_wconf 82' lang='lat' dir='ltr'>fignificat</span> <span class='ocrx_word' id='word_1_436' title='bbox 649 2472 772 2536; x_wconf 87' lang='lat' dir='ltr'>quod</span> <span class='ocrx_word' id='word_1_437' title='bbox 791 2473 851 2520; x_wconf 89' lang='lat' dir='ltr'>ita</span> <span class='ocrx_word' id='word_1_438' title='bbox 874 2470 914 2520; x_wconf 91' lang='lat' dir='ltr'>se</span> <span class='ocrx_word' id='word_1_439' title='bbox 935 2470 1125 2519; x_wconf 86' lang='lat' dir='ltr'>habeat:</span> <span class='ocrx_word' id='word_1_440' title='bbox 1161 2470 1269 2519; x_wconf 88' lang='lat' dir='ltr'>anni</span> <span class='ocrx_word' id='word_1_441' title='bbox 1285 2471 1379 2519; x_wconf 89' lang='lat' dir='ltr'>duo</span> <span class='ocrx_word' id='word_1_442' title='bbox 1399 2470 1534 2519; x_wconf 87' lang='lat' dir='ltr'>fami-s</span> <span class='ocrx_word' id='word_1_443' title='bbox 1555 2470 1603 2518; x_wconf 89' lang='lat' dir='ltr'>in</span> <span class='ocrx_word' id='word_1_444' title='bbox 1621 2471 1776 2518; x_wconf 86' lang='lat' dir='ltr'>medio</span> <span class='ocrx_word' id='word_1_445' title='bbox 1794 2470 2187 2534; x_wconf 34' lang='lat' dir='ltr'>terrae,&lt;fignificat</span> <span class='ocrx_word' id='word_1_446' title='bbox 2206 2470 2372 2523; x_wconf 80' lang='lat' dir='ltr'>statum</span> 
     </span>
     <span class='ocr_line' id='line_1_35' title="bbox 400 2535 2371 2602; baseline -0.002 -17"><span class='ocrx_word' id='word_1_447' title='bbox 400 2537 601 2586; x_wconf 63' lang='lat' dir='ltr'>defectus</span> <span class='ocrx_word' id='word_1_448' title='bbox 641 2539 748 2586; x_wconf 90' lang='lat' dir='ltr'>boni</span> <span class='ocrx_word' id='word_1_449' title='bbox 772 2540 817 2585; x_wconf 92' lang='lat' dir='ltr'>in</span> <span class='ocrx_word' id='word_1_450' title='bbox 844 2550 997 2586; x_wconf 88' lang='lat' dir='ltr'>mente</span> <span class='ocrx_word' id='word_1_451' title='bbox 1035 2537 1257 2585; x_wconf 84' lang='lat' dir='ltr'>naturali:</span> <span class='ocrx_word' id='word_1_452' title='bbox 1292 2537 1344 2585; x_wconf 77' lang='grc' dir='ltr'>ὅτ</span> <span class='ocrx_word' id='word_1_453' title='bbox 1377 2537 1525 2585; x_wconf 88' lang='lat' dir='ltr'>adhuc</span> <span class='ocrx_word' id='word_1_454' title='bbox 1563 2538 1782 2602; x_wconf 64' lang='lat' dir='ltr'>quinque,</span> <span class='ocrx_word' id='word_1_455' title='bbox 1809 2538 1932 2594; x_wconf 83' lang='lat' dir='ltr'>anni,</span> <span class='ocrx_word' id='word_1_456' title='bbox 1978 2537 2203 2600; x_wconf 81' lang='lat' dir='ltr'>fignificat</span> <span class='ocrx_word' id='word_1_457' title='bbox 2235 2535 2371 2583; x_wconf 70' lang='lat' dir='ltr'>status</span> 
     </span>
     <span class='ocr_line' id='line_1_36' title="bbox 401 2600 2371 2669; baseline -0.003 -16"><span class='ocrx_word' id='word_1_458' title='bbox 401 2605 523 2653; x_wconf 86' lang='lat' dir='ltr'>illius</span> <span class='ocrx_word' id='word_1_459' title='bbox 544 2605 833 2653; x_wconf 85' lang='lat' dir='ltr'>durationem</span> <span class='ocrx_word' id='word_1_460' title='bbox 858 2603 1000 2668; x_wconf 89' lang='lat' dir='ltr'>usque</span> <span class='ocrx_word' id='word_1_461' title='bbox 1024 2603 1138 2651; x_wconf 89' lang='lat' dir='ltr'>dum</span> <span class='ocrx_word' id='word_1_462' title='bbox 1163 2603 1373 2669; x_wconf 85' lang='lat' dir='ltr'>reliquiae</span> <span class='ocrx_word' id='word_1_463' title='bbox 1395 2602 1647 2666; x_wconf 87' lang='lat' dir='ltr'>effulgent:</span> <span class='ocrx_word' id='word_1_464' title='bbox 1688 2604 1856 2668; x_wconf 77' lang='lat' dir='ltr'>quibus</span> <span class='ocrx_word' id='word_1_465' title='bbox 1881 2603 2007 2652; x_wconf 88' lang='lat' dir='ltr'>nulla</span> <span class='ocrx_word' id='word_1_466' title='bbox 2029 2604 2169 2651; x_wconf 81' lang='lat' dir='ltr'>aratio</span> <span class='ocrx_word' id='word_1_467' title='bbox 2187 2603 2237 2651; x_wconf 76' lang='grc' dir='ltr'>δε</span> <span class='ocrx_word' id='word_1_468' title='bbox 2256 2600 2371 2649; x_wconf 87' lang='lat' dir='ltr'>mes-</span> 
     </span>
     <span class='ocr_line' id='line_1_37' title="bbox 401 2667 2398 2736; baseline -0.003 -16"><span class='ocrx_word' id='word_1_469' title='bbox 401 2672 473 2728; x_wconf 84' lang='lat' dir='ltr'>fis,</span> <span class='ocrx_word' id='word_1_470' title='bbox 509 2671 732 2732; x_wconf 89' lang='lat' dir='ltr'>fignificat</span> <span class='ocrx_word' id='word_1_471' title='bbox 754 2671 879 2736; x_wconf 86' lang='lat' dir='ltr'>quod</span> <span class='ocrx_word' id='word_1_472' title='bbox 904 2672 1070 2719; x_wconf 88' lang='lat' dir='ltr'>interea</span> <span class='ocrx_word' id='word_1_473' title='bbox 1090 2686 1179 2718; x_wconf 88' lang='lat' dir='ltr'>non</span> <span class='ocrx_word' id='word_1_474' title='bbox 1197 2672 1511 2734; x_wconf 86' lang='lat' dir='ltr'>appariturum</span> <span class='ocrx_word' id='word_1_475' title='bbox 1537 2671 1714 2720; x_wconf 79' lang='lat' dir='ltr'>bonum</span> <span class='ocrx_word' id='word_1_476' title='bbox 1737 2671 1787 2718; x_wconf 77' lang='grc' dir='ltr'>δι</span> <span class='ocrx_word' id='word_1_477' title='bbox 1810 2670 1918 2732; x_wconf 83' lang='lat' dir='ltr'>inde</span> <span class='ocrx_word' id='word_1_478' title='bbox 1942 2686 2105 2718; x_wconf 86' lang='lat' dir='ltr'>verum</span> <span class='ocrx_word' id='word_1_479' title='bbox 2125 2687 2136 2717; x_wconf 79' lang='lat' dir='ltr'>z</span> <span class='ocrx_word' id='word_1_480' title='bbox 2171 2668 2222 2717; x_wconf 84' lang='lat'>&amp;</span> <span class='ocrx_word' id='word_1_481' title='bbox 2247 2667 2398 2715; x_wconf 64' lang='lat' dir='ltr'>milit=</span> 
     </span>
     <span class='ocr_line' id='line_1_38' title="bbox 402 2734 2382 2801; baseline -0.004 -16"><span class='ocrx_word' id='word_1_482' title='bbox 402 2754 478 2785; x_wconf 89' lang='lat' dir='ltr'>me</span> <span class='ocrx_word' id='word_1_483' title='bbox 507 2739 634 2786; x_wconf 88' lang='lat' dir='ltr'>Deus</span> <span class='ocrx_word' id='word_1_484' title='bbox 673 2751 774 2786; x_wconf 88' lang='lat' dir='ltr'>ante</span> <span class='ocrx_word' id='word_1_485' title='bbox 798 2753 899 2795; x_wconf 86' lang='lat' dir='ltr'>VOS,</span> <span class='ocrx_word' id='word_1_486' title='bbox 935 2736 1163 2800; x_wconf 89' lang='lat' dir='ltr'>fignificat</span> <span class='ocrx_word' id='word_1_487' title='bbox 1204 2738 1335 2801; x_wconf 87' lang='lat' dir='ltr'>quod</span> <span class='ocrx_word' id='word_1_488' title='bbox 1376 2735 1635 2784; x_wconf 88' lang='lat' dir='ltr'>consultum</span> <span class='ocrx_word' id='word_1_489' title='bbox 1656 2743 1714 2785; x_wconf 74' lang='lat' dir='ltr'>ex</span> <span class='ocrx_word' id='word_1_490' title='bbox 1739 2736 1914 2785; x_wconf 87' lang='lat' dir='ltr'>Divina</span> <span class='ocrx_word' id='word_1_491' title='bbox 1955 2734 2275 2785; x_wconf 78' lang='lat' dir='ltr'>Providentia:</span> <span class='ocrx_word' id='word_1_492' title='bbox 2311 2734 2382 2782; x_wconf 85' lang='lat' dir='ltr'>ad.</span> 
     </span>
     <span class='ocr_line' id='line_1_39' title="bbox 400 2797 2367 2868; baseline -0.002 -16"><span class='ocrx_word' id='word_1_493' title='bbox 400 2804 669 2867; x_wconf 82' lang='lat' dir='ltr'>ponendum</span> <span class='ocrx_word' id='word_1_494' title='bbox 691 2803 822 2852; x_wconf 85' lang='lat' dir='ltr'>vobis</span> <span class='ocrx_word' id='word_1_495' title='bbox 843 2802 1055 2868; x_wconf 90' lang='lat' dir='ltr'>reliquias</span> <span class='ocrx_word' id='word_1_496' title='bbox 1079 2804 1126 2850; x_wconf 87' lang='lat' dir='ltr'>in</span> <span class='ocrx_word' id='word_1_497' title='bbox 1150 2815 1282 2861; x_wconf 87' lang='lat' dir='ltr'>terra,</span> <span class='ocrx_word' id='word_1_498' title='bbox 1318 2802 1548 2865; x_wconf 87' lang='lat' dir='ltr'>fignificat</span> <span class='ocrx_word' id='word_1_499' title='bbox 1566 2803 1775 2852; x_wconf 81' lang='lat' dir='ltr'>medium</span> <span class='ocrx_word' id='word_1_500' title='bbox 1799 2797 2085 2855; x_wconf 83' lang='lat' dir='ltr'>&amp;intimum</span> <span class='ocrx_word' id='word_1_501' title='bbox 2120 2798 2334 2848; x_wconf 84' lang='lat' dir='ltr'>Ecclefiae</span> <span class='ocrx_word' id='word_1_502' title='bbox 2355 2820 2367 2849; x_wconf 69' lang='grc' dir='ltr'>ε</span> 
     </span>
     <span class='ocr_line' id='line_1_40' title="bbox 401 2867 2370 2934; baseline -0.002 -16"><span class='ocrx_word' id='word_1_503' title='bbox 401 2873 451 2918; x_wconf 87' lang='lat'>&amp;</span> <span class='ocrx_word' id='word_1_504' title='bbox 474 2871 530 2918; x_wconf 90' lang='lat' dir='ltr'>ad</span> <span class='ocrx_word' id='word_1_505' title='bbox 555 2871 890 2919; x_wconf 86' lang='lat' dir='ltr'>vivificandum</span> <span class='ocrx_word' id='word_1_506' title='bbox 915 2885 1017 2928; x_wconf 88' lang='lat' dir='ltr'>vos,</span> <span class='ocrx_word' id='word_1_507' title='bbox 1053 2869 1275 2932; x_wconf 85' lang='lat' dir='ltr'>fignificat</span> <span class='ocrx_word' id='word_1_508' title='bbox 1298 2871 1447 2918; x_wconf 88' lang='lat' dir='ltr'>vitam</span> <span class='ocrx_word' id='word_1_509' title='bbox 1486 2870 1592 2918; x_wconf 89' lang='lat' dir='ltr'>inde</span> <span class='ocrx_word' id='word_1_510' title='bbox 1622 2868 1902 2934; x_wconf 88' lang='lat' dir='ltr'>spiritualem</span> <span class='ocrx_word' id='word_1_511' title='bbox 1938 2869 2056 2925; x_wconf 84' lang='lat' dir='ltr'>veris</span> <span class='ocrx_word' id='word_1_512' title='bbox 2079 2867 2123 2914; x_wconf 89' lang='lat' dir='ltr'>in</span> <span class='ocrx_word' id='word_1_513' title='bbox 2149 2867 2335 2915; x_wconf 89' lang='lat' dir='ltr'>naturali</span> <span class='ocrx_word' id='word_1_514' title='bbox 2354 2887 2370 2915; x_wconf 86' lang='lat'>.-</span> 
     </span>
     <span class='ocr_line' id='line_1_41' title="bbox 399 2934 2370 3000; baseline -0.001 -15"><span class='ocrx_word' id='word_1_515' title='bbox 399 2938 460 2985; x_wconf 90' lang='lat' dir='ltr'>ad</span> <span class='ocrx_word' id='word_1_516' title='bbox 483 2938 737 2986; x_wconf 77' lang='lat' dir='ltr'>evasionem</span> <span class='ocrx_word' id='word_1_517' title='bbox 762 2938 999 3000; x_wconf 83' lang='lat' dir='ltr'>magnam,</span> <span class='ocrx_word' id='word_1_518' title='bbox 1037 2936 1260 2998; x_wconf 82' lang='lat' dir='ltr'>fignificat</span> <span class='ocrx_word' id='word_1_519' title='bbox 1292 2937 1604 2986; x_wconf 85' lang='lat' dir='ltr'>liberationem</span> <span class='ocrx_word' id='word_1_520' title='bbox 1641 2951 1667 2983; x_wconf 88' lang='lat' dir='ltr'>a</span> <span class='ocrx_word' id='word_1_521' title='bbox 1711 2935 2031 2984; x_wconf 85' lang='lat' dir='ltr'>damnatione:</span> <span class='ocrx_word' id='word_1_522' title='bbox 2067 2934 2254 2982; x_wconf 87' lang='lat' dir='ltr'>&amp;nunc</span> <span class='ocrx_word' id='word_1_523' title='bbox 2276 2949 2370 2983; x_wconf 88' lang='lat' dir='ltr'>non</span> 
     </span>
     <span class='ocr_line' id='line_1_42' title="bbox 399 3000 2390 3069; baseline 0 -20"><span class='ocrx_word' id='word_1_524' title='bbox 399 3018 481 3050; x_wconf 88' lang='lat' dir='ltr'>vos</span> <span class='ocrx_word' id='word_1_525' title='bbox 506 3003 681 3052; x_wconf 84' lang='lat' dir='ltr'>misistis</span> <span class='ocrx_word' id='word_1_526' title='bbox 706 3019 778 3052; x_wconf 91' lang='lat' dir='ltr'>me</span> <span class='ocrx_word' id='word_1_527' title='bbox 803 3004 909 3060; x_wconf 87' lang='lat' dir='ltr'>huc,</span> <span class='ocrx_word' id='word_1_528' title='bbox 943 3003 1165 3067; x_wconf 87' lang='lat' dir='ltr'>fignificat</span> <span class='ocrx_word' id='word_1_529' title='bbox 1187 3002 1315 3069; x_wconf 88' lang='lat' dir='ltr'>quod</span> <span class='ocrx_word' id='word_1_530' title='bbox 1349 3003 1416 3051; x_wconf 91' lang='lat' dir='ltr'>illi</span> <span class='ocrx_word' id='word_1_531' title='bbox 1459 3002 1515 3050; x_wconf 85' lang='lat' dir='ltr'>ad</span> <span class='ocrx_word' id='word_1_532' title='bbox 1538 3001 1780 3051; x_wconf 86' lang='lat' dir='ltr'>scientifica</span> <span class='ocrx_word' id='word_1_533' title='bbox 1799 3016 1907 3064; x_wconf 85' lang='lat' dir='ltr'>quae</span> <span class='ocrx_word' id='word_1_534' title='bbox 1928 3000 2138 3049; x_wconf 85' lang='lat' dir='ltr'>naturalis</span> <span class='ocrx_word' id='word_1_535' title='bbox 2178 3016 2269 3048; x_wconf 86' lang='lat' dir='ltr'>non</span> <span class='ocrx_word' id='word_1_536' title='bbox 2299 3001 2390 3049; x_wconf 67' lang='lat' dir='ltr'>di·</span> 
     </span>
     <span class='ocr_line' id='line_1_43' title="bbox 399 3066 2368 3134; baseline -0.001 -17"><span class='ocrx_word' id='word_1_537' title='bbox 399 3069 631 3118; x_wconf 86' lang='lat' dir='ltr'>miserint:</span> <span class='ocrx_word' id='word_1_538' title='bbox 668 3069 740 3119; x_wconf 91' lang='lat' dir='ltr'>sed</span> <span class='ocrx_word' id='word_1_539' title='bbox 767 3071 920 3129; x_wconf 78' lang='lat' dir='ltr'>DeuS‚.</span> <span class='ocrx_word' id='word_1_540' title='bbox 950 3069 1171 3133; x_wconf 79' lang='lat' dir='ltr'>significat</span> <span class='ocrx_word' id='word_1_541' title='bbox 1202 3069 1331 3134; x_wconf 88' lang='lat' dir='ltr'>quod</span> <span class='ocrx_word' id='word_1_542' title='bbox 1369 3069 1598 3118; x_wconf 88' lang='lat' dir='ltr'>Divinum</span> <span class='ocrx_word' id='word_1_543' title='bbox 1615 3068 1711 3134; x_wconf 54' lang='lat' dir='ltr'>,hoc</span> <span class='ocrx_word' id='word_1_544' title='bbox 1731 3066 1878 3131; x_wconf 85' lang='lat' dir='ltr'>agerit</span> <span class='ocrx_word' id='word_1_545' title='bbox 1902 3083 1914 3114; x_wconf 92' lang='lat'><strong>:</strong></span> <span class='ocrx_word' id='word_1_546' title='bbox 1950 3069 2001 3116; x_wconf 88' lang='lat'>&amp;</span> <span class='ocrx_word' id='word_1_547' title='bbox 2026 3067 2174 3131; x_wconf 88' lang='lat' dir='ltr'>posuit</span> <span class='ocrx_word' id='word_1_548' title='bbox 2198 3082 2273 3115; x_wconf 86' lang='lat' dir='ltr'>me</span> <span class='ocrx_word' id='word_1_549' title='bbox 2308 3067 2368 3115; x_wconf 86' lang='lat' dir='ltr'>ad</span> 
     </span>
     <span class='ocr_line' id='line_1_44' title="bbox 397 3133 2436 3201; baseline 0 -19"><span class='ocrx_word' id='word_1_550' title='bbox 397 3148 575 3199; x_wconf 88' lang='lat' dir='ltr'>patrem</span> <span class='ocrx_word' id='word_1_551' title='bbox 614 3135 853 3196; x_wconf 87' lang='lat' dir='ltr'>Pharaoni,</span> <span class='ocrx_word' id='word_1_552' title='bbox 899 3136 1125 3198; x_wconf 85' lang='lat' dir='ltr'>fignificat</span> <span class='ocrx_word' id='word_1_553' title='bbox 1157 3136 1284 3201; x_wconf 84' lang='lat' dir='ltr'>quod</span> <span class='ocrx_word' id='word_1_554' title='bbox 1324 3151 1443 3184; x_wconf 87' lang='lat' dir='ltr'>nunc</span> <span class='ocrx_word' id='word_1_555' title='bbox 1467 3134 1689 3185; x_wconf 87' lang='lat' dir='ltr'>Naturale</span> <span class='ocrx_word' id='word_1_556' title='bbox 1718 3134 1776 3182; x_wconf 90' lang='lat' dir='ltr'>ab</span> <span class='ocrx_word' id='word_1_557' title='bbox 1799 3133 1929 3198; x_wconf 76' lang='lat' dir='ltr'>ipso.-</span> <span class='ocrx_word' id='word_1_558' title='bbox 1964 3134 2014 3183; x_wconf 85' lang='lat'>&amp;</span> <span class='ocrx_word' id='word_1_559' title='bbox 2037 3133 2094 3182; x_wconf 91' lang='lat' dir='ltr'>ad</span> <span class='ocrx_word' id='word_1_560' title='bbox 2117 3133 2372 3182; x_wconf 86' lang='lat' dir='ltr'>dominum</span> <span class='ocrx_word' id='word_1_561' title='bbox 2432 3164 2436 3166; x_wconf 95' lang='lat'><em>-</em></span> 
     </span>
     <span class='ocr_line' id='line_1_45' title="bbox 398 3199 2396 3276; baseline -0.003 -24"><span class='ocrx_word' id='word_1_562' title='bbox 398 3203 530 3252; x_wconf 87' lang='lat' dir='ltr'>omni</span> <span class='ocrx_word' id='word_1_563' title='bbox 552 3202 714 3254; x_wconf 85' lang='lat' dir='ltr'>domui</span> <span class='ocrx_word' id='word_1_564' title='bbox 739 3202 845 3265; x_wconf 87' lang='lat' dir='ltr'>suae,</span> <span class='ocrx_word' id='word_1_565' title='bbox 898 3203 1125 3268; x_wconf 85' lang='lat' dir='ltr'>fignificat</span> <span class='ocrx_word' id='word_1_566' title='bbox 1147 3202 1275 3268; x_wconf 87' lang='lat' dir='ltr'>quod</span> <span class='ocrx_word' id='word_1_567' title='bbox 1297 3201 1356 3252; x_wconf 88' lang='lat' dir='ltr'>ab</span> <span class='ocrx_word' id='word_1_568' title='bbox 1377 3201 1477 3267; x_wconf 88' lang='lat' dir='ltr'>ipso</span> <span class='ocrx_word' id='word_1_569' title='bbox 1496 3217 1641 3271; x_wconf 72' lang='lat' dir='ltr'>omne</span> <span class='ocrx_word' id='word_1_570' title='bbox 1665 3200 1712 3252; x_wconf 88' lang='lat' dir='ltr'>in</span> <span class='ocrx_word' id='word_1_571' title='bbox 1735 3199 1923 3251; x_wconf 86' lang='lat' dir='ltr'>naturali</span> <span class='ocrx_word' id='word_1_572' title='bbox 1944 3217 1956 3250; x_wconf 78' lang='grc' dir='ltr'><strong><em>ε</em></strong></span> <span class='ocrx_word' id='word_1_573' title='bbox 2008 3201 2058 3252; x_wconf 87' lang='lat'>&amp;</span> <span class='ocrx_word' id='word_1_574' title='bbox 2081 3199 2300 3256; x_wconf 83' lang='lat' dir='ltr'>dominor</span> <span class='ocrx_word' id='word_1_575' title='bbox 2322 3200 2374 3276; x_wconf 70' lang='lat' dir='ltr'>in</span> <span class='ocrx_word' id='word_1_576' title='bbox 2392 3251 2396 3256; x_wconf 56' lang='grc'>,</span> 
     </span>
    </p>

    <p class='ocr_par' dir='ltr' id='par_1_4' title="bbox 2237 3280 2400 3323">
     <span class='ocr_line' id='line_1_46' title="bbox 2237 3280 2400 3323; baseline -0.018 -7"><span class='ocrx_word' id='word_1_577' title='bbox 2237 3280 2400 3323; x_wconf 71' lang='lat' dir='ltr'>cmm,</span> 
     </span>
    </p>
   </div>
  </div>
 </body>
</html>
