2566 3640
327 239 636 319 CAPUT
665 245 1516 332 QUADRAGESIMUM
1541 245 2042 317 OCTAVUM.
2138 267 2275 335 421

291 380 469 437 omnia
479 373 671 453 objecta
680 374 956 446 secundum
987 375 1144 447 quale
1165 377 1375 435 illorum
1395 399 1413 448 3
1456 379 1593 451 quod
1600 378 1659 434 in
1661 374 1895 451 sensoriis
1914 392 2008 430 non
2023 374 2274 447 existeret,

290 453 391 526 nist
403 452 630 534 irfluxus
651 447 764 522 effit
787 449 859 504 ab
875 448 1111 506 interiori
1132 470 1149 519 3
1171 463 1340 507 omnes
1362 452 1495 508 enim
1498 451 1653 527 fibra
1667 449 1741 511 ἐν’
1769 449 2119 524 appendicula,
2163 465 2273 522 quae

278 523 541 599 perplures
544 523 668 597 fient
687 523 834 578 circa
856 523 1224 596 unumquodvis
1245 523 1613 597 sensoriumseu
1635 541 1881 598 organum
1881 520 2074 595 senfin,
2113 523 2166 579 in
2182 523 2268 578 in-

266 597 442 673 stanti
465 597 541 652 ad
597 597 721 652 uale
755 593 929 672 objet't'i
970 596 1312 654 convenienter
1352 599 1758 655 determinantur
1779 621 1796 669 3
1836 596 1955 653 imo'
1971 597 2140 652 ¹etiam
2175 593 2270 667 ipst'

279 685 461 744 organo
482 670 537 725 in
560 670 767 727 unditur
788 679 1027 726 momento
1041 668 1226 745 status
1254 669 1530 743 corformiS.
1604 672 1729 728 Fuit
1733 670 1862 744 fiepe
1884 671 2020 727 inter
2045 669 2267 742 Spiritus

262 743 431 815 sermo
451 745 514 799 de
535 744 848 816 apparentia
885 745 1007 813 hac,
1050 741 1126 803 ὅ*
1150 744 1222 799 ab
1242 745 1462 817 Angelis
1492 745 1645 801 toties
1679 742 1959 816 responfiim,
2004 744 2139 814 quod
2173 743 2263 797 In-

260 819 451 894 fluxus
476 817 768 873 nullatenus
784 818 902 891 fiat
925 816 995 871 ab
1017 816 1265 872 Externis
1286 817 1340 872 in
1359 820 1591 887 Interna,
1613 815 1711 889 sed
1727 816 1799 871 ab
1819 816 2040 873 Internis
2062 816 2118 872 in
2141 817 2229 870 Ex
2242 843 2262 868 3

279 901 474 960 terna3
523 888 596 950 ἐπ’
615 890 747 959 quod
762 890 848 944 hoc
859 890 937 963 sit
954 886 1231 958 fiecundum
1249 890 1496 960 ordinem,
1541 901 1720 947 contra
1755 907 1904 960 quem
1924 890 2143 962 Influxus
2169 905 2262 944 non

263 965 394 1037 fieri
405 961 567 1035 potest.
640 961 765 1021 Vidi
788 960 869 1017 bis
893 958 968 1020 θ’
998 970 1082 1017 ter
1116 962 1336 1034 Spiritus
1368 981 1397 1018 e
1415 961 1667 1035 societate
1688 962 1942 1035 Angelica
1964 960 2263 1033 separatos,

281 1037 412 1108 quia
430 1053 500 1090 ex
520 1035 826 1108 apparentia
849 1035 1196 1105 crediderunt,
1235 1037 1369 1107 quod
1403 1039 1629 1113 Iifiux'us
1651 1039 1805 1092 detur
1829 1035 1899 1091 ab
1925 1035 2181 1091 Externis*
2207 1035 2262 1089 in

276 1111 507 1179 Interna,
543 1109 628 1165 ita
654 1109 786 1178 quod
799 1099 1025 1183 Irfiuo'eus
1060 1110 1267 1186 phyficus
1290 1107 1365 1168 ἐπ’
1388 1129 1478 1165 non
1487 1109 1781 1183 spiritualis
1802 1131 1819 1178 3
1853 1107 2031 1179 ‚causti
2047 1107 2265 1179 separa-

279 1183 432 1239 tionis
431 1179 573 1255 fuit,
618 1182 831 1254 quodstc
851 1181 1073 1237 concludi
1092 1181 1330 1255 potutffit,
1372 1185 1505 1254 quod
1523 1183 1753 1259 Inferna,
1793 1182 1972 1253 quain
1992 1181 2262 1251 ExterniS,

277 1256 486 1332 influere
499 1253 675 1327 poffint
691 1256 746 1310 in
766 1254 950 1324 Coelos,
995 1256 1082 1326 qui
1080 1255 1208 1327 stent
1243 1257 1296 1311 in
1327 1258 1548 1312 Internis
1570 1281 1587 1328 3
1630 1255 1704 1315 ἐπ’
1722 1272 1915 1327 quoque
1936 1254 2155 1310 concludi
2170 1265 2264 1326 po·
2315 1279 2318 1282 ·

283 1328 472 1402 tuiffet,
509 1330 637 1398 quod
652 1330 875 1402 Itfiuxus
899 1329 1024 1384 vitae
1044 1346 1134 1385 non
1149 1327 1261 1401 efflt
1280 1347 1319 1384 a
1335 1331 1570 1400 Domino,
1592 1347 1706 1386 cum
1728 1328 1995 1386 tamenab
2015 1325 2110 1400 Ipso
2131 1343 2269 1383 omne

268 1402 406 1548 Jitae
418 1401 630 1531 Effluit,
678 1402 810 1475 quia
845 1399 952 1475 Ipse
985 1399 1050 1474 est
1073 1404 1127 1460 in
1147 1403 1350 1475 Intimo,
1392 1402 1466 1464 ἐπ’
1497 1401 1761 1478 respeb't'ive
1798 1404 1875 1458 ad
1906 1399 2058 1475 Ipfiim
2095 1403 2268 1456 omnia

303 1485 395 1531 unt
501 1486 670 1532 terna.

362 1547 399 1602 6
402 1569 430 1619 3
441 1567 524 1619 23.
561 1549 717 1622 ,Quod
724 1549 780 1604 in
799 1547 990 1604 amoris
1009 1549 1143 1617 bono,
1171 1550 1303 1619 quod
1318 1549 1485 1623 irfluit
1506 1568 1546 1605 a
1559 1549 1773 1607 Domino
1786 1559 1876 1621 per
1891 1547 2135 1621 AngeloS,
2158 1548 2213 1602 in
2242 1555 2272 1602 t

284 1639 424 1678 omne
440 1639 645 1688 verum,
669 1623 800 1692 quod
809 1638 996 1677 verum
991 1620 1060 1696 ſse
1072 1620 1199 1694 exse
1214 1621 1579 1695 manffestaret,
1590 1625 1649 1696 st
1660 1625 1795 1678 homo
1817 1623 1873 1682 in
1888 1639 2063 1677 amore
2080 1621 2134 1674 in
2238 1628 2268 1661 -’-

286 1695 504 1766 minum,
531 1693 604 1754 ἔθ’
624 1696 682 1749 in
699 1713 869 1752 amore
890 1713 1019 1767 erga
1034 1695 1340 1766 proximum,
1375 1698 1598 1766 viveret,
1626 1706 1776 1767 patet
1794 1714 1890 1752 non
1909 1697 2044 1751 modo
2061 1694 2132 1751 ab
2154 1695 2270 1750 illis

280 1786 394 1841 quae
406 1769 460 1826 in
477 1769 594 1825 caelo
612 1766 841 1841 exstant,
872 1768 970 1839 st’d
983 1769 1148 1824 etiam
1164 1770 1234 1824 ab
1253 1769 1363 1824 illis
1379 1786 1490 1840 quae
1505 1771 1558 1824 in
1578 1766 1812 1841 itfferiore
1833 1779 2058 1838 natura3
2096 1784 2162 1823 ex
2180 1769 2265 1823 his

277 1860 389 1914 quae
405 1844 458 1898 in
474 1840 713 1915 inferiore
729 1851 925 1898 natura
942 1839 1171 1913 existunt,
1207 1843 1338 1912 quia
1363 1843 1420 1898 in
1441 1840 1821 1915 cotffpebiufimt‘,
1870 1842 1994 1898 licet
2018 1842 2270 1898 adducere

281 1931 396 1987 quac
412 1913 688 1987 illustrant.
725 1916 899 1970 Bruta
914 1914 1172 1969 animalia
1186 1932 1277 1970 non
1297 1916 1459 1972 aliter
1471 1925 1691 1988 aguntur
1704 1932 1868 1986 quam
1876 1926 1965 1987 per
1977 1932 2178 1971 amores
2192 1912 2267 1974 δῖ’

280 1991 458 2051 horum
471 1985 778 2061 affectiones,
801 1987 855 2043 in
872 2004 1006 2058 quas
1018 1997 1207 2043 creata
1212 1987 1348 2058 funt,
1376 1987 1449 2047 ἐπ’
1455 2000 1513 2060 po
1526 1988 1740 2044 tmodum
1757 1988 2047 2061 nascuntur3
2084 2005 2265 2043 unum-

280 2062 536 2133 quodlibet
549 2062 681 2116 enim
696 2061 901 2115 animal
892 2058 1102 2133 fertur,
1125 2077 1215 2130 quo
1231 2059 1340 2137 ejus
1356 2061 1455 2136 affe
1504 2063 1550 2116 io
1568 2060 1642 2121 θ’
1657 2079 1803 2117 amor
1820 2061 2015 2130 trahit3
2042 2059 2116 2119 θ’
2134 2062 2267 2131 quia

282 2136 367 2190 ita
384 2133 465 2208 est,
489 2135 653 2191 etiam
659 2134 776 2204 seint
788 2134 842 2189 in
858 2133 1397 2209 omnibusscientificis,
1413 2153 1523 2206 quae
1537 2133 1745 2208 usquam
1763 2135 1905 2189 illius
1920 2134 2114 2189 amoris
2113 2133 2264 2205 sunt3

257 2206 429 2279 sciunt
457 2209 591 2264 enim
609 2226 675 2262 ex
700 2225 870 2264 amore
890 2204 1188 2283 conjugialis
1210 2210 1406 2278 amulo,
1448 2211 1680 2280 quomodo
1721 2206 2026 2281 congreffi'tri,
2075 2208 2160 2263 ita
2171 2219 2264 2279 pe-

280 2298 424 2352 cora,
467 2280 542 2342 ἐφ’
575 2282 747 2338 alite?
763 2298 926 2351 aves3
975 2298 1104 2336 aves
1127 2284 1358 2352 quomodo
1378 2283 1517 2338 nidos
1524 2282 1752 2358 facient,
1801 2280 2030 2352 quomodo
2054 2298 2154 2335 ova
2172 2291 2262 2352 po-

280 2366 420 2425 nent,
461 2353 533 2414 &
556 2355 663 2429 illis
688 2355 1010 2423 incubabant,
1051 2355 1279 2424 quomodo
1301 2357 1569 2412 excludent
1603 2356 1782 2427 pullos,
1827 2352 1901 2413 &³
1935 2356 2168 2423 quomodo
2192 2374 2263 2408 a·

282 2428 387 2483 lent
422 2429 558 2498 illos,
620 2425 695 2487 &³
717 2428 815 2483 hae-'c
839 2426 1019 2499 absque
1043 2428 1155 2483 ulla
1180 2427 1505 2501 itssrublione,
1524 2428 1695 2499 solum
1731 2446 1798 2483 ex
1833 2445 2006 2482 amore
2043 2425 2260 2499 conjugi-

285 2502 394 2556 alis
414 2502 606 2570 comula,
657 2498 730 2559 &³
755 2519 821 2556 ex
845 2519 1017 2556 amore
1035 2519 1161 2572 erga
1179 2501 1381 2573 prolem,
1440 2503 1526 2572 qui
1543 2503 1657 2571 inse
1681 2502 1852 2556 omnia
1874 2500 1974 2555 illa
1978 2499 2263 2573 scientifica

282 2575 470 2633 habent
490 2575 680 2648 infita:
721 2571 1155 2646 fimiliterſsiunt,
1210 2574 1394 2645 quibus
1431 2575 1557 2629 cibis
1575 2575 1639 2649 se
1663 2573 1828 2642 alent,
1883 2574 2115 2643 quomodo
2145 2574 2263 2628 illos

282 2657 547 2718 quaerent3
606 2644 681 2705 ἐπ’
712 2649 844 2717 quod
864 2648 1054 2719 magis,
1114 2657 1233 2718 apes
1235 2646 1406 2717 sciunt
1430 2664 1648 2718 quaerere
1671 2647 1786 2702 illos
1805 2664 1870 2701 ex
1878 2646 2093 2722 floribus
2114 2647 2265 2702 varii

271 2723 499 2792 generiS,
541 2717 616 2777 θ’
639 2736 834 2791 quoque
855 2737 1033 2776 ceram
1055 2721 1308 2792 colligere,
1343 2739 1410 2776 ex
1433 2738 1539 2791 qua
1563 2720 1724 2776 cellas
1729 2717 1972 2792 faciant,
2007 2720 2063 2774 in
2081 2720 2264 2790 quibus

275 2795 494 2865 primum
498 2791 712 2863 sobolem
714 2792 875 2864 suam
896 2803 1154 2865 reponant,
1210 2791 1284 2852 θ’
1308 2795 1420 2851 dein
1455 2792 1587 2849 cibos
1610 2795 1898 2860 recondant,
1954 2790 2263 2863 quoquesci-

277 2879 371 2923 unt
388 2865 648 2939 prcffpicere
666 2866 755 2941 fibi
775 2877 866 2937 pro
886 2867 1052 2939 byeme
1071 2887 1087 2935 3
1131 2876 1193 2921 ut
1213 2875 1490 2924 taceantur
1515 2870 1754 2939 per-plura
1777 2865 1924 2920 alia:
1971 2867 2139 2920 omnia
2162 2867 2266 2922 haec

262 2938 545 3013 scientifica
571 2937 687 3008 lunt
720 2938 909 3011 inclusa
932 2955 1100 2994 eorum
1114 2941 1395 3010 amoribus,
1437 2938 1512 2998 ἔθ’
1534 2940 1609 2995 ibi
1632 2939 1881 2996 habitant
1903 2955 1941 2991 a
1948 2937 2055 3008 sua
2082 2940 2259 3010 prima

280 3013 469 3085 origine
492 3035 507 3082 3
552 3012 605 3066 in
628 3012 729 3068 illa
734 3011 1016 3084 scientifica
1053 3012 1338 3083 nascuntur,
1385 3013 1513 3084 quia
1538 3013 1589 3067 in
1608 3015 1776 3069 ordine
1793 3011 1903 3083 sitae
1937 3011 2260 3083 natuaestcnt,

286 3087 339 3140 in
362 3104 507 3156 quem
526 3086 698 3140 creati
717 3107 733 3153 3
777 3084 850 3145 &³
873 3093 989 3139 tunc
1010 3102 1074 3138 ex
1098 3086 1341 3140 communi
1362 3088 1559 3157 influxu
1577 3104 1605 3140 e
1618 3083 1879 3158 spirituali
1896 3085 2074 3139 mundo
2096 3102 2256 3157 agun-

264 3169 393 3218 tur.
462 3161 514 3216 Si
534 3160 666 3216 homo
698 3159 755 3215 in
787 3158 960 3215 ordine
964 3155 1138 3232 joret,
1178 3159 1231 3213 in
1253 3177 1400 3231 quem
1423 3169 1648 3229 creatuS,
1689 3168 1855 3230 nempe
1872 3156 1924 3212 in
1943 3174 2114 3238 amore
2131 3174 2260 3229 erga

1956 3242 2262 3302 proximum,
