2606 3646
359 236 504 307 234
768 215 836 286 G
977 213 1046 290 Ε
1113 212 1273 300 ‚N
1375 204 1470 289 Ἐ
1578 211 1661 283 »S
1793 194 2053 291 ss(

362 350 417 397 ad
444 364 616 415 patrem
637 350 920 415 fignificatur
943 351 1136 399 elevatio
1160 349 1214 398 ad
1240 350 1415 398 bonum
1447 347 1692 414 spirituale.

437 421 580 478 5818.
622 420 684 467 Et
702 418 1007 467 indicavimus
1024 417 1162 464 verba
1179 415 1488 473 domini‘tnei,
1505 415 1655 481 ,quod
1673 414 1902 484 fignificet
1916 414 2250 481 cogitat-ionem
2268 414 2369 484 ejus

367 483 447 541 sei,
484 485 656 534 constat
680 484 847 550 absque
870 484 1187 548 explicatione.
1474 523 1477 526 .

435 554 493 614 58
508 570 580 615 19.
642 551 707 601 Et
729 552 850 599 dixit
873 565 1000 614 pater
1022 550 1189 608 noster,
1234 548 1363 614 quod
1387 547 1611 616 significet
1627 550 2026 617 apperceptionem
2051 565 2107 603 ex
2130 550 2255 605 bono
2278 550 2368 617 spi·

365 617 530 675 rituali,
565 619 739 666 constat
759 635 819 677 ‘ex
844 617 1170 682 significatione
1195 616 1343 665 dicere
1368 615 1414 664 in
1438 614 1663 681 historicis·
1677 615 1836 674 Verbi,
1879 617 2006 680 quod
2032 617 2087 666 fit
2111 621 2368 684 perceptiO,

365 683 426 730 de
449 700 538 747 qua
560 684 720 750 saepius
743 705 758 740 3
796 686 845 733 &
865 682 1335 749 ex'repr‘aesentatione
1358 682 1544 741 Israelis,
1580 681 1662 750 qui
1678 681 1752 731 hic
1774 694 1919 748 pater,
1954 682 2084 750 quod
2109 683 2163 732 fit
2185 684 2363 735 bonum

366 749 617 815 spirituale,
653 753 710 799 de
729 768 821 818 qua
844 752 1075 815 n:'3654.
1099 751 1248 812 4286..
1263 754 1420 815 4598.

439 821 587 879 5820.
626 817 950 875 Revertimini,
984 817 1132 872 -emite
1158 817 1291 871 nobis
1314 833 1474 883 parum
1497 815 1606 874 cibi,
1651 815 1779 881 quod
1801 815 2029 881 fignificat
2048 816 2174 883 quod
2198 832 2368 884 appro-

368 883 615 946 priandum
641 887 815 943 bonum
833 886 943 942 veri,
980 882 1574 949 consterna-fignificatione
1588 881 1758 940 emere,
1781 884 1909 948 quod
1928 884 1982 933 fit
1998 885 2289 950 appropriare
2313 885 2368 934 fi»-

368 952 433 1007 bi,
472 951 529 998 de
549 968 636 1016 qua
658 969 685 999 n
705 970 722 998 .·
742 967 886 1015 5397.
905 952 1049 1014 5406.
1074 969 1220 1015 54¹0·
1242 952 1404 1013 5426;
1439 953 1490 1000 ὅτ
1508 966 1564 999 ex
1581 947 1909 1013 significatione
1926 950 2036 1008 cibi,
2070 949 2198 1016 quod
2215 951 2268 999 fit
2283 950 2364 998 bo-

369 1034 485 1066 num
518 1021 628 1076 veri,
680 1019 738 1066 de
761 1034 851 1084 qua
874 1035 903 1066 n
922 1038 939 1065 .·
963 1035 1111 1078 5410.
1138 1017 1286 1081 5426.
1312 1020 1461 1080 5487.
1487 1019 1636 1079 5582.
1664 1020 1811 1082 5588.
1839 1019 1986 1081 5655.
2073 1017 2216 1068 Cibus
2237 1017 2381 1082 spiri«

367 1083 500 1133 tualis
523 1084 587 1132 est
611 1087 656 1132 in
676 1100 845 1147 ‘genere
867 1100 1007 1133 omne
1033 1086 1226 1142 bonum,
1263 1085 1309 1132 in
1334 1082 1480 1148 specie
1496 1097 1650 1133 autem
1668 1082 1734 1130 est
1751 1083 1942 1141 bonum,
1975 1084 2104 1149 quod
2117 1084 2370 1150 acquiritur

367 1166 452 1214 per
474 1166 652 1210 verum,
702 1154 788 1199 hoc
809 1151 890 1208 est,
937 1167 1099 1199 verum
1124 1150 1364 1205 voluntate
1388 1152 1438 1199 δι
1459 1149 1583 1207 afim,
1629 1149 1718 1198 hoc
1739 1150 1942 1207 enimfit
1964 1151 2139 1202 bonum
2163 1167 2222 1199 ex
2246 1151 2365 1201 velle

370 1219 421 1266 δε
454 1233 605 1280 agere,
652 1219 702 1275 δε
725 1230 913 1274 vocatur
944 1219 1122 1274 bonurn
1141 1216 1237 1265 veri
1258 1238 1273 1274 3
1318 1232 1479 1271 verum
1504 1215 1585 1264 nifi
1607 1217 1691 1268 fiat
1709 1215 1775 1266 ‚ita
1798 1216 1996 1276 bonum,
2031 1233 2124 1268 non
2148 1216 2366 1268 conducit

368 1285 547 1332 homini
572 1287 618 1332 in
634 1285 771 1336 altera
787 1284 882 1334 vita
904 1284 961 1332 ad
985 1284 1256 1349 quicquam,
1291 1298 1399 1337 cum
1422 1283 1547 1333 enim
1566 1280 1828 1332 inalteram
1846 1285 1988 1334 vitam
2006 1283 2151 1342 venit,
2184 1284 2370 1348 diffipa·

369 1365 458 1409 tur,
496 1351 605 1418 quia
624 1367 714 1404 non
732 1352 953 1400 convenit
970 1368 1075 1399 curn
1099 1349 1196 1414 ejus
1213 1351 1348 1408 velle,
1382 1350 1574 1416 proinde
1592 1366 1686 1400 non
1700 1364 1813 1399 curn
1830 1349 1925 1414 ejtis
1941 1352 2106 1405 amoris
2115 1349 2329 1415 jucundo
2344 1371 2368 1406 ·,

372 1418 456 1482 qui
475 1434 581 1467 vera
606 1418 715 1472 fidei
739 1417 904 1467 didicit
925 1417 970 1472 in
989 1417 1181 1475 mundo,
1215 1433 1310 1465 non
1330 1429 1515 1483 propter
1538 1417 1655 1466 velle
1678 1417 1729 1467 δε
1751 1433 1883 1481 agere
1905 1418 2000 1475 illa,
2035 1419 2086 1466 ὅτ
2107 1417 2167 1465 fic
2189 1429 2368 1466 vertere

369 1484 415 1531 in
442 1485 577 1542 bona,
613 1485 688 1532 sed
714 1485 859 1534 modo
875 1498 1061 1549 propter
1085 1483 1211 1543 scire,
1245 1485 1299 1534 &
1325 1485 1487 1536 docere
1505 1482 1597 1542 illa,
1632 1483 1819 1532 honoris
1835 1484 1886 1532 &
1905 1482 2022 1534 lucri
2045 1484 2189 1542 causa,
2224 1484 2369 1533 etiam-

366 1552 400 1598 fi
417 1550 522 1599 inde
541 1551 861 1600 eruditiffirnus
879 1552 924 1599 in
944 1551 1123 1607 mundo
1142 1549 1289 1608 audit,
1314 1550 1456 1616 usque
1475 1565 1581 1599 vera
1600 1549 1675 1598 illa
1691 1551 1738 1597 in
1756 1549 1895 1599 altera
1914 1551 2005 1600 vita
2022 1550 2062 1598 ei
2080 1550 2369 1609 auferuntur,

367 1619 418 1669 &
442 1618 478 1665 is
501 1618 773 1683 relinquitur
797 1618 877 1674 suo
902 1617 1035 1676 velle,
1061 1617 1148 1672 hoc
1164 1617 1249 1674 est,
1270 1616 1364 1667 suae
1386 1618 1499 1681 vitae
1519 1637 1539 1675 ·,
1562 1617 1612 1667 &
1627 1629 1735 1666 tunc
1750 1617 1896 1682 qualis
1915 1616 2062 1667 fuerat
2087 1616 2131 1682 in
2147 1616 2226 1669 sua
2246 1617 2364 1675 vita,

367 1684 469 1737 talis
489 1698 640 1743 manet
660 1708 674 1745 3
711 1685 762 1734 &
779 1684 904 1748 quod
917 1684 1116 1742 mirum,
1153 1697 1260 1747 tunc
1277 1683 1504 1737 aversatur
1524 1683 1681 1748 omnia
1700 1699 1806 1732 vera
1828 1684 1958 1742 fidei,
1997 1684 2049 1735 &
2071 1684 2196 1747 apud
2218 1683 2261 1734 se
2283 1700 2364 1733 ne-

366 1763 718 1815 gatsutcunque
737 1753 861 1815 prius
879 1750 952 1799 illa
966 1751 1333 1807 confirmaverat.
1368 1752 1493 1805 Vera
1510 1750 1663 1815 itaque
1681 1761 1854 1800 vertere
1875 1750 1923 1798 in
1942 1751 2062 1799 bona
2078 1765 2159 1814 per
2177 1750 2307 1816 vene,

367 1832 501 1880 agere
527 1818 632 1875 illa3
670 1818 757 1867 hoc
781 1817 862 1875 est,
898 1834 979 1882 per
1007 1817 1168 1875 vitam,
1203 1815 1269 1865 est
1300 1816 1428 1882 quod
1462 1810 1736 1882 intelligitur
1818 1833 1837 1864 r
1859 1816 2153 1882 appropriare
2175 1817 2279 1867 fibi:

352 1895 481 1934 ‘num
503 1885 615 1941 veri,
651 1885 781 1949 quod
810 1885 1087 1946 significatur
1110 1900 1190 1948 per
1212 1883 1353 1932 emite
1377 1884 1511 1932 nobis
1532 1898 1695 1947 parum
1717 1833 1822 1932 ciffi.

437 1956 530 2012 582
544 1970 585 2002 1.
621 1951 682 2009 Et
701 1951 918 2009 diximus,
944 1950 1300 2015 rnonlpoffumus
1316 1949 1605 2008 descendere,
1639 1950 1769 2017 quod
1790 1949 2015 2015 significet
2033 1947 2370 2015 obj‘effionem,

365 2018 537 2066 constat
560 2017 729 2082 absque
760 2018 1076 2081 explicatione.
1777 2054 1786 2061 -
2407 2033 2409 2035 ’
2475 2025 2478 2027 ’

437 2088 582 2145 5822.
621 2085 667 2132 Si
688 2085 740 2145 sit
758 2082 888 2132 frater
902 2084 1051 2132 noster
1071 2083 1293 2133 minimus
1316 2100 1423 2133 cum
1445 2084 1594 2140 nobis,
1628 2083 1679 2132 ac
1700 2082 2040 2142 descendemus,
2076 2082 2367 2149 quodfigni-

367 2150 474 2200 ficet
497 2150 577 2198 nisi
602 2167 691 2206 una
715 2149 764 2198 [it
789 2150 998 2202 medium
1022 2150 1323 2214 conjungens,
1367 2149 1542 2203 constat
1568 2165 1629 2201 ex.
1650 2149 2368 2214 repraesentatione,Benjaminis,
2391 2184 2394 2190 ,

364 2217 447 2281 qui
473 2217 546 2265 hic
563 2217 628 2264 est
651 2216 784 2264 frater
809 2217 1048 2278 minimus,
1081 2218 1208 2282 quod
1233 2218 1287 2265 sit
1321 2217 1532 2269 medium
1565 2214 1867 2282 coniungens.
1901 2217 1960 2265 de
1993 2231 2084 2278 qua
2120 2233 2148 2263 n
2172 2233 2183 2265 :
2210 2232 2364 2278 5411.

368 2300 518 2345 5413·
539 2300 683 2347 5443.
705 2283 764 2346 56
770 2300 849 2347 39.
870 2283 1016 2347 5688.
1086 2284 1209 2332 Cum
1230 2284 1334 2341 hoe,
1360 2283 1489 2348 quod
1503 2280 1738 2345 Benjamin
1757 2282 2042 2350 repraesentet
2067 2282 2276 2335 medium
2295 2284 2362 2331 in·

367 2362 438 2397 ter
452 2348 632 2397 coeleste
650 2350 888 2414 spirituaiis
907 2349 977 2399 seu
989 2351 1175 2398 Bonum
1194 2349 1445 2407 Internum,
1468 2349 1596 2414 quod
1616 2347 1860 2413 JosephuS‚
1893 2349 2078 2398 &inter
2096 2365 2200 2397 vera
2220 2351 2262 2397 in
2284 2363 2361 2396 na·

366 2417 519 2473 rurali,
563 2422 675 2481 quae
695 2415 795 2464 sunt
816 2416 976 2466 decem
995 2416 1078 2464 filii
1097 2415 1277 2478 Jacobi,
1326 2418 1378 2465 &
1419 2431 1603 2481 quoque
1625 2416 1760 2478 quod
1781 2415 2071 2479 repraesentet
2094 2432 2251 2465 verum
2276 2430 2364 2463 no-

373 2498 505 2539 vum,
542 2483 672 2547 supra
697 2499 757 2530 n.-
781 2486 928 2546 5804.
952 2482 1100 2545 5306.
1130 2485 1277 2546 5809,
1314 2482 1375 2530 ita
1398 2481 1440 2530 se
1454 2482 1624 2536 habet3
1661 2481 1882 2533 Medium
1902 2494 1951 2529 ut
1971 2482 2022 2530 sn
2041 2482 2247 2535 medium
2273 2495 2361 2530 tra-

371 2549 450 2598 het
472 2549 532 2596 ab
546 2561 763 2615 utroque,
800 2563 966 2613 nempe
990 2550 1046 2604 ab
1069 2550 1317 2598 Interno&
1339 2548 1567 2606 Externo,
1597 2547 1798 2613 alioquin
1817 2563 1914 2599 non
1937 2547 2002 2597 est
2017 2548 2233 2604 Medium
2249 2563 2358 2598 con-

368 2616 562 2679 iungens
583 2638 596 2671 3
633 2615 848 2664 Medium
867 2616 992 2681 quod
1013 2614 1246 2680 Benjarnin
1265 2615 1565 2680 repraesentat,
1588 2614 1725 2664 trahit
1740 2615 1799 2664 ab
1811 2614 2020 2664 Externo
2038 2614 2111 2667 feu
2127 2614 2362 2671 Naturali,

367 2673 494 2747 ¹quod
518 2682 573 2730 fit
604 2681 667 2730 ibi
691 2697 852 2730 verum
879 2698 1070 2740 novum,
1107 2699 1214 2731 narn
1238 2675 1415 2730 Verum
1429 2698 1607 2735 novum
1631 2681 1756 2748 quod
1776 2681 2076 2747 repraesentat,
2111 2681 2239 2732 estin
2258 2679 2358 2729 Na-

373 2749 522 2806 turali,
558 2748 669 2813 quia
691 2748 755 2796 est
778 2764 836 2797 ex
860 2749 990 2797 Bono
1013 2749 1234 2813 spirituali
1257 2764 1282 2796 e
1307 2748 1516 2806 naturali,
1550 2748 1675 2812 quod
1700 2762 1828 2814 pater
1851 2746 1944 2811 ejus
1966 2761 2023 2798 ut
2041 2747 2170 2798 Istae]
2193 2762 2357 2811 reprae-

369 2815 525 2872 sentat,
562 2831 622 2862 n:
649 2814 796 2876 5686.
823 2815 988 2880 5689;
1034 2827 1080 2863 at
1103 2813 1319 2864 Medium
1355 2814 1467 2863 illud*
1489 2815 1628 2863 trahit
1649 2815 1707 2864 ab
1731 2814 1930 2881 interne,
1976 2813 2103 2879 quod
2126 2829 2208 2878 per
2229 2812 2358 2874 Jose-

374 2882 523 2944 phum
543 2879 1009 2946 repraesentatur‚·per
1027 2882 1274 2940 infinitum,
1301 2882 1362 2930 ita
1379 2880 1517 2933 trahit
1529 2882 1590 2930 ab
1610 2893 1834 2947 utroque;
1869 2881 1970 2929 haec
1983 2878 2112 2930 causa
2128 2878 2207 2936 est,
2225 2879 2358 2945 quod‘

375 2946 610 3011 Benjarnin
648 2941 935 3012 repraesentet
958 2947 1177 3004 Medium
1198 2946 1498 3012 conjungens,
1531 2949 1583 2997 δὲ
1605 2963 1794 3014 quoque
1815 2946 1993 2995 Verum
2016 2961 2193 2995 novum
2213 2967 2226 3002 ;
2262 2948 2355 2995 Ve-

372 3031 476 3062 rurn
497 3013 778 3078 conjungens
799 3029 905 3062 curn
925 3015 1044 3078 apud
1069 3027 1245 3080 patrem
1264 3014 1413 3076 suum,
1448 3014 1669 3064 Medium
1691 3011 1970 3076 conjungens
1993 3027 2100 3060 cum
2121 3013 2246 3077 apud
2270 3013 2359 3077 Jo-

372 3080 578 3142 sephum.
651 3080 763 3128 Hoc
776 3080 840 3130 est
856 3096 1082 3148 arcanum,
1108 3080 1246 3146 'quod
1262 3081 1422 3131 clarius
1436 3079 1604 3144 exponi
1624 3082 1784 3143 nequit
1802 3101 1817 3135 ·,
1854 3078 1929 3127 sed
1948 3077 2143 3142 intelligi
2161 3096 2251 3128 non
2268 3095 2357 3144 po-

372 3146 472 3202 test,
495 3147 591 3201 „nisi
608 3146 664 3194 ab
682 3147 770 3194 illis
791 3148 871 3210 qui
893 3147 938 3195 in
961 3147 1239 3210 cogitatione
1263 3147 1384 3205 sunt,
1418 3145 1544 3213 quod
1562 3145 1684 3213 apud
1710 3144 1943 3194 hominem
1969 3144 2204 3195 Internum
2222 3145 2361 3197 detur

374 3215 421 3262 &
445 3212 732 3273 Externum,
763 3213 880 3282 inter
898 3213 938 3269 se
957 3213 1184 3274 distincta,
1211 3215 1326 3264 ut&
1344 3213 1427 3280 qui
1445 3213 1578 3264 simul
1597 3214 1643 3262 in
1661 3210 1902 3263 affectione
1920 3210 2092 3262 sciendi
2107 3227 2226 3274 vera,
2250 3213 2359 3327 sugg

2334 3295 2352 3328 ι
2404 3313 2411 3319 .
